4972 6902
1146 734 1199 786 vti

216 932 333 994 minen
356 916 469 989 edidit.
505 915 633 988 Nostra
657 913 802 1007 denique
824 921 937 985 acute
956 910 1170 999 Eburoduni,
1194 909 1283 980 unde
1306 910 1479 1004 usquead
1501 933 1624 983 annum
1648 911 1733 985 1825
1756 914 1869 986 titulus
1891 890 2002 987 nullus
2025 918 2131 990 inuo-

216 1053 342 1132 tuerat,
358 1041 488 1137 lapides
504 1041 620 1135 scripti
636 1039 828 1133 complures
845 1037 942 1111 sirnul
956 1039 1084 1130 reperti
1100 1012 1194 1121 sunt3
1217 1037 1297 1106 item
1313 1036 1548 1126 Augustarum
1563 1034 1759 1109 tabularium
1779 1037 1956 1110 admodum
1971 1043 2132 1133 exiguum

214 1174 282 1243 etsi
315 1189 384 1240 non
419 1169 465 1237 ita
498 1174 535 1237 nt
568 1171 775 1258 expectares
806 1171 918 1233 umen
950 1170 1083 1232 auctum
1113 1168 1168 1230 ost
1200 1158 1251 1231 his
1284 1160 1380 1231 annis
1409 1161 1572 1253 proximis
1603 1182 1667 1256 per
1696 1161 1898 1235 effossiones
1929 1168 2130 1258 praesertim

216 1292 469 1381 Schmidianas,
504 1309 616 1382 neque
645 1286 720 1358 fere
750 1285 810 1358 luit
840 1286 937 1357 vicum
968 1285 1171 1380 oppidumve
1201 1286 1370 1378 antiquum
1392 1288 1479 1355 intra
1501 1284 1588 1357 fines
1611 1285 1809 1376 Helvetios,
1840 1287 1934 1361 ’unde
1956 1310 2027 1360 non
2048 1292 2131 1362 novi

217 1417 339 1512 aliquid
360 1416 398 1488 ad
421 1435 487 1486 nos
509 1415 719 1509 perveniret.
769 1409 839 1481 Sed
868 1431 933 1504 qua
960 1412 1091 1481 ratione
1123 1407 1318 1480 tabularium
1340 1419 1494 1482 nostrum
1522 1410 1717 1505 lapidariam
1740 1415 1866 1486 sensim
1888 1416 2075 1487 manaverit
2096 1424 2131 1486 et

220 1564 315 1636 quam
337 1541 445 1636 ampla
467 1558 547 1634 pars
571 1541 644 1612 eius
667 1536 734 1606 hoc
756 1534 889 1606 demum
914 1533 1053 1606 saeculo
1077 1535 1283 1621 accesserit,
1307 1536 1432 1629 optime
1455 1533 1630 1606 docebitur
1649 1534 1864 1609 dinumeratis
1884 1540 1940 1631 qni
1957 1558 2024 1632 quo
2043 1560 2130 1612 sae·

219 1667 293 1738 culo
315 1666 529 1736 accesserint
557 1661 671 1733 titulis.
720 1658 817 1745 Quod
847 1660 876 1729 si
905 1668 1001 1729 recte
1030 1661 1224 1752 computavi
1245 1661 1278 1728 in
1300 1680 1340 1729 re
1364 1660 1447 1731 satis
1470 1657 1567 1730 dubia
1596 1669 1631 1732 et
1658 1663 1811 1755 ancipiti,
1844 1663 2013 1735 titulorum
2040 1663 2130 1758 lapi·

212 1790 382 1863 duriorum
406 1808 491 1882 quos
513 1790 587 1881 ipse
611 1785 676 1856 edo
699 1792 875 1855 trecentos
898 1787 1032 1875 triginta
1056 1792 1136 1855 octo

778 1906 961 2003 Stumplius
984 1910 1080 1979 novit
1410 1906 1455 1979 48

778 2041 1002 2105 accesserunt
1019 2031 1061 2103 ad
1083 2052 1207 2103 annum
1231 2031 1316 2102 1000
1408 2033 1455 2104 02

1021 2155 1063 2226 ad
1086 2176 1208 2227 annum
1233 2155 1319 2226 1100
1408 2156 1450 2228 47

1023 2279 1064 2351 ad
1088 2302 1209 2351 annum
1234 2280 1321 2352 1800
1410 2281 1452 2352 90

1022 2404 1064 2476 ad
1087 2426 1210 2476 annum
1235 2405 1321 2477 1854
1374 2406 1465 2510 lb]

1269 2554 1271 2558 ⁴
1389 2530 1455 2603 338

216 2657 366 2750 Figlinas
394 2668 502 2730 autem
530 2669 565 2732 et
595 2662 732 2730 omnino
760 2680 807 2728 en
837 2657 1046 2753 supellectile
1077 2656 1262 2728 domestica
1290 2664 1456 2751 exceptas
1487 2665 1646 2729 auctores
1676 2660 1883 2753 antiquiores
1904 2658 1981 2731 iore
2004 2682 2124 2735 omnes

212 2784 443 2873 neglexerumt
464 2783 645 2877 harumque
670 2781 935 2872 colligendarum
959 2780 1101 2852 studium
1125 2790 1242 2853 nostra
1266 2780 1399 2853 demum
1423 2790 1536 2854 aetate
1558 2782 1726 2854 inferbuit.
1776 2784 1981 2878 Quamquam
2003 2788 2039 2856 in
2060 2786 2125 2857 hac

208 2910 460 3001 computatione
488 2929 557 2978 non
588 2906 839 2999 neglegendum
870 2916 926 2978 est
955 2909 988 2977 in
1017 2906 1290 3001 inscriptionibus
1320 2914 1440 2979 nostro
1470 2907 1609 2979 saeculo
1633 2912 1779 3004 repertis
1802 2910 1905 2981 multo
1928 2909 2024 3005 plura
2046 2909 2123 2981 ira-

208 3038 348 3123 gmenta
371 3034 452 3103 satis
476 3034 601 3103 inutilia
624 3034 878 3118 connumerari,
903 3052 990 3123 quae
1009 3031 1086 3101 olim
1105 3031 1370 3124 spernebantur,
1395 3042 1507 3103 tamen
1523 3032 1624 3104 nihilo
1641 3036 1748 3105 minus
1765 3038 1846 3106 satis
1866 3043 2007 3129 apparet
2024 3056 2123 3129 qnam

207 3156 369 3226 celeriter
390 3166 555 3248 augeatur
577 3160 711 3247 insigne
735 3156 801 3228 hoc
824 3159 1027 3251 antiquitatis
1050 3159 1330 3251 promptuarium,
1354 3154 1454 3227 modo
1479 3156 1652 3229 attendant
1674 3157 1827 3229 homines
1852 3161 2062 3251 animumque
2082 3157 2124 3229 ad

209 3279 243 3350 id
271 3278 462 3352 advertant.
509 3281 558 3353 lta
586 3284 660 3351 iure
691 3302 868 3375 speramus
898 3279 974 3351 lore
1003 3289 1040 3351 ut
1061 3281 1208 3375 posteris
1233 3278 1405 3351 deleratur
1432 3279 1602 3352 hereditas
1626 3289 1723 3351 aucta
1748 3302 1885 3376 semper
1908 3291 1942 3354 et
1964 3281 2122 3375 locuple-

212 3407 293 3492 tior,
321 3426 386 3498 qua
409 3404 498 3477 adita
520 3406 622 3477 multa
644 3428 708 3478 nos
733 3427 891 3495 errasse,
925 3403 1087 3499 quaedam
1109 3411 1206 3475 recte
1229 3401 1403 3475 divinasse
1427 3404 1503 3475 olim
1526 3403 1778 3499 praedicabunt.
1807 3446 1844 3457 -
1871 3405 1931 3476 Oui
1953 3407 2123 3479 titulorum

211 3539 390 3619 augmento
414 3552 496 3600 cura
518 3530 710 3626 respondit,
742 3553 840 3624 ιιιιιιιι]
864 3529 982 3601 eruditi
1005 3529 1153 3601 Helvetii
1184 3531 1216 3598 in
1245 3529 1361 3621 patriis
1384 3532 1608 3600 monumentis
1632 3528 1831 3619 colligendis
1854 3539 1890 3601 et
1911 3530 2123 3624 expoliendis
2157 3594 2162 3603 .

208 3654 435 3743 collocarunt,
460 3677 524 3748 qua
548 3678 629 3726 cura
652 3659 778 3727 omissa
801 3656 1092 3747 monumentisque
1108 3675 1172 3747 per
1190 3651 1426 3746 ephemerides
1445 3662 1479 3723 et
1497 3653 1592 3723 huius
1615 3658 1755 3745 generis
1774 3652 1878 3726 libros
1896 3653 2121 3726 disseminatis

207 3798 309 3848 nemo
331 3781 468 3869 ignorat
490 3778 635 3849 fructum
654 3778 731 3849 inde
749 3777 825 3849 fere
848 3778 972 3848 nullum
992 3781 1025 3848 in
1045 3797 1241 3848 communes
1257 3777 1386 3848 litteras
1401 3776 1605 3848 redundare.
1643 3778 1719 3849 Duo
1735 3782 1801 3849 viri
1816 3789 1912 3868 sunt,
1937 3782 1993 3873 qni
2007 3782 2042 3851 in
2057 3782 2122 3855 hoc

208 3902 319 3975 studio
335 3902 563 3992 elaborarunt,
581 3907 651 3971 lob.
669 3904 768 3987 Gosp.
787 3906 927 3971 Ouellica
945 3900 1155 3989 Turicensis,
1173 3903 1228 3993 qui
1242 3903 1496 3994 inscriptionum
1510 3902 1763 3974 Helveticaruln
1778 3906 1935 3999 syllogen
1951 3916 2006 3978 ter
2020 3907 2122 3980 edidit

209 4028 538 4101 assimulans.
559 4027 658 4116 1844,
675 4037 710 4098 et
726 4029 757 4095 0.
769 4030 806 4094 L.
817 4031 954 4096 Rotbios
969 4028 1197 4117 Basileensis,
1222 4031 1276 4121 qui
1293 4012 1514 4100 basileenses
1535 4028 1662 4121 lapides
1685 4050 1717 4099 a.
1741 4029 1827 4101 1848
1847 4032 2004 4125 collegit,
2029 4056 2120 4128 quo-

209 4173 284 4221 rum
307 4152 362 4222 ille
383 4153 543 4246 ampliora
567 4162 602 4224 et
623 4153 775 4247 pleniora
797 4155 984 4246 praestitit,
1010 4153 1064 4224 hic
1089 4155 1301 4243 accuratiora
1323 4162 1357 4225 et
1383 4153 1487 4244 longe
1513 4153 1665 4223 meliora.
1706 4153 1791 4225 Nam
1816 4154 1977 4227 Orellium
2000 4179 2123 4251 quarn-

206 4297 306 4369 quam
329 4279 362 4347 in
385 4277 451 4347 hoc
473 4275 592 4348 labore
616 4276 785 4367 diligentia
807 4275 1093 4368 Hagenbucbiana
1118 4277 1260 4366 adiuvit,
1285 4280 1379 4351 cuius
1402 4277 1456 4347 ille
1480 4276 1692 4348 Helveticam
1713 4278 1873 4373 syllogen
1896 4279 1958 4352 sibi
1982 4285 2123 4376 sumpsit

204 4422 270 4493 pro
294 4403 407 4495 operis
431 4400 666 4489 fundamento,
696 4410 807 4471 tamen
832 4400 1000 4492 diligentia
1025 4402 1134 4472 ahena
1157 4400 1264 4495 probe
1290 4404 1337 4472 uti
1361 4422 1436 4471 cum
1459 4403 1628 4490 nesciret,
1659 4400 1782 4473 iactum
1806 4413 1877 4492 est,
1902 4412 1939 4476 ut
1961 4404 2121 4476 subitaria

205 4523 347 4617 quadam
375 4523 623 4618 subsecivaque
651 4546 757 4619 opera
787 4528 895 4616 magis
923 4546 1021 4618 quam
1051 4547 1092 4596 ea
1120 4548 1184 4619 qua
1211 4548 1273 4620 par
1302 4534 1355 4597 est
1377 4524 1681 4620 ponderatione-et
1704 4526 1880 4599 sedulitate
1902 4526 2020 4599 librum
2043 4550 2120 4601 eum

146 4643 151 4649 “
205 4646 409 4721 elaboraret.
457 4648 600 4721 Omnino
629 4658 665 4721 ut
693 4649 793 4721 laudo
823 4649 1026 4741 elegantiam
1059 4650 1201 4721 hominis
1234 4658 1269 4721 et
1297 4648 1499 4721 brevitatem
1531 4658 1566 4721 et
1596 4638 1742 4721 maxime
1773 4650 1922 4722 vividum
1953 4653 2118 4746 quendam

203 4774 325 4844 aetatis
347 4772 522 4844 Romanae
545 4794 686 4846 sensnm
708 4783 743 4845 et
765 4773 807 4844 ab
831 4772 1032 4845 umbraculis
1061 4773 1266 4845 eruditorum
1291 4774 1331 4845 ad
1357 4777 1463 4869 ipsam
1486 4794 1601 4845 rerum
1623 4774 1733 4845 lucem
1761 4774 1906 4847 libenter
1929 4798 2119 4870 emergen-

203 4882 290 4985 tem,
314 4898 359 4967 ita
382 4895 538 4969 desidero
563 4918 667 4990 saepe
689 4896 862 4983 iudicium,
892 4899 1084 4991 patientiam
1107 4905 1218 4969 autem
1241 4896 1316 4968 iere
1340 4916 1476 4991 semper
1499 4904 1535 4968 et
1557 4907 1593 4968 ut
1617 4898 1782 4991 quaedam
1804 4898 1892 4970 hene
1916 4922 1992 4973 eum
2017 4904 2118 4974 video

203 5018 394 5108 divinasse,
417 5021 463 5092 ita
485 5020 588 5111 longe
611 5020 707 5115 plura
728 5029 859 5091 temere
876 5019 1022 5109 fudisse,
1047 5022 1193 5112 genuina
1207 4989 1460 5094 inconsiderate
1477 5025 1691 5117 corrupisse,
1716 5044 1802 5095 vera
1817 5047 1880 5119 pro
1896 5024 2008 5112 falsis,
2032 5025 2118 5097 falsa

201 5164 267 5236 pro
282 5145 377 5214 veris
392 5142 550 5215 hahuisse
566 5152 602 5214 et
616 5146 751 5214 omnino
770 5152 835 5215 tam
854 5165 958 5239 saepe
974 5143 1174 5232 offendisse,
1199 5154 1235 5216 ut
1258 5148 1330 5216 eius
1353 5145 1437 5216 libro
1461 5145 1602 5240 amplius
1626 5145 1779 5218 standum
1803 5169 1883 5220 esse
1907 5170 2118 5242 nequaquam

202 5287 313 5360 aequo
342 5270 452 5337 animo
482 5270 655 5362 patiamur.
703 5268 753 5339 lta
782 5266 906 5338 lactum
936 5275 989 5338 est
1019 5275 1055 5338 nt
1083 5276 1119 5338 et
1149 5270 1245 5338 amici
1274 5269 1421 5340 Helvetii
1451 5269 1668 5341 hortarentur
1696 5293 1750 5341 me
1778 5270 1819 5341 ad
1848 5270 1937 5341 hunc
1965 5269 2117 5343 lahorem

201 5390 452 5485 suscipiendum
475 5400 512 5461 et
532 5393 607 5485 ipse
629 5390 774 5463 libenter
796 5392 883 5463 banc
907 5394 957 5464 eis
980 5412 1120 5486 operam
1143 5391 1275 5481 darem3
1305 5391 1439 5486 fecique
1463 5393 1552 5488 qnod
1575 5398 1684 5488 potui,
1717 5403 1753 5464 ut
1775 5396 1906 5488 optimis
1930 5394 2115 5489 hospitibus

201 5535 248 5584 oo
270 5536 335 5608 quo
358 5536 495 5610 possem
519 5537 662 5586 munere
686 5515 818 5588 advena
842 5519 915 5611 ipse
939 5524 974 5585 et
994 5516 1105 5586 incola
1128 5515 1373 5589 satisfacerem.
