4972 6902
838 797 894 804 ψ
1111 680 1152 751 49
1953 720 2076 781 aaran

259 898 272 925 a
312 881 339 929 in
364 885 473 944 paterae
495 882 628 931 maximae
655 884 743 945 [quam
767 882 929 932 Uranienses
954 885 1091 946 accepisse
1115 885 1235 937 Zollerus
1263 889 1381 948 coniicit]
1409 896 1485 953 parte
1515 893 1645 943 interiore
1674 900 1699 943 ot
1724 898 1859 948 exteriore
1882 900 1979 950 litteris
2005 902 2083 953 bonis

308 970 369 1031 pict.
406 969 514 1020 Circulo
533 971 635 1033 scripta
653 977 716 1020 sunt
735 975 764 1020 ut
782 973 886 1021 nescias
906 972 951 1021 ubi
971 973 1154 1035 incipiendum
1172 976 1215 1024 sit.

553 1074 614 1115 intra
1610 1088 1674 1126 estro

368 1145 438 1195 DEO
457 1156 469 1185 a
488 1146 599 1197 Manli
617 1157 629 1187 s
648 1158 661 1209 a
679 1147 766 1198 ailla
786 1158 798 1185 a
1374 1153 1525 1205 LEGENTI
1543 1166 1555 1195 a
1575 1157 1687 1208 REGLY
1705 1168 1718 1198 t
1737 1160 1906 1213 BENIGNES

313 1234 407 1283 Fuitne
426 1247 519 1293 aad,
539 1237 638 1286 marito
658 1237 743 1287 laetus
762 1237 866 1287 libens?
990 1302 993 1305 ι
1270 1237 1407 1304 ‘chantii‚
1426 1244 1508 1307 Raptis·
1527 1245 1632 1302 [debuit
1649 1248 1744 1297 saltem
1764 1263 1917 1312 proponere
1937 1253 2013 1316 Rapio

267 1310 271 1317 ’
1272 1329 1330 1378 sive
1350 1331 1489 1393 deputam,
1510 1332 1643 1396 Benipaes’
1663 1335 1744 1397 llag.‚
1767 1338 1809 1385 vix
1829 1344 1912 1389 recte.

262 1414 275 1455 t
315 1412 341 1459 in
368 1417 459 1474 patera
483 1427 538 1462 non
562 1413 693 1477 protunda
721 1418 810 1478 [quam
836 1414 869 1464 ad
893 1415 1055 1464 'lerinenses
1081 1417 1237 1479 pervenisse
1261 1418 1381 1468 Zollerus
1405 1420 1523 1478 coniicit]
1548 1422 1610 1471 stilo
1633 1426 1733 1487 scripta
1749 1427 1813 1486 pict.
1852 1427 1959 1478 Circulo
1983 1431 2081 1491 scripta

306 1512 366 1548 non
386 1501 481 1562 pleno,
502 1506 532 1551 ut
550 1503 655 1552 initium
675 1508 781 1552 certum
801 1505 844 1553 sit.

660 1592 724 1629 extra
1511 1595 1572 1637 intra

539 1650 850 1712 nantoniaoniivar
1529 1663 1556 1718 a

260 1778 273 1807 c
315 1765 342 1812 in
361 1770 470 1828 paterae
488 1773 632 1831 argenteae
650 1783 705 1820 non
723 1770 866 1819 admodum
886 1770 1035 1833 profundae
1055 1775 1131 1834 parte
1151 1771 1280 1821 inferiore
1299 1773 1362 1821 stilo
1381 1776 1481 1836 scripta
1498 1776 1560 1837 piot.
1595 1777 1672 1827 lianc
1690 1780 1825 1841 Zuqenses
1844 1782 1981 1844 accepisse
1999 1784 2082 1832 conii·

313 1854 348 1905 cit
367 1856 488 1907 zoilorus
508 1873 539 1908 ex
559 1859 687 1921 ponderis
706 1865 733 1908 et
752 1860 857 1909 tabulae
876 1860 1078 1922 comparatione
1096 1859 1253 1909 coniectura
1273 1861 1360 1909 ducta.

1021 2209 1171 2264 2lortasse
1191 2230 1240 2278 pro
1259 2229 1328 2266 usur
1347 2231 1399 2266 scr.
1417 2230 1513 2267 marva
1532 2216 1659 2267 facillima
1678 2220 1882 2278 emendatione,
1903 2236 1970 2285 quac
1989 2223 2082 2271 nititur

1021 2303 1099 2352 titulo
1118 2318 1144 2352 n.
1163 2301 1215 2352 243
1234 2307 1356 2368 quamvis
1376 2310 1403 2355 et
1422 2307 1480 2368 ipso
1500 2307 1623 2355 lectionis
1643 2309 1780 2357 nonsatis
1800 2314 1902 2358 certaer
1928 2336 1951 2346 -
1980 2307 1996 2358 3
2021 2324 2083 2359 con·

1020 2388 1148 2440 ferendus
1174 2397 1214 2442 est
1239 2407 1301 2442 cum
1325 2396 1395 2444 uotis
1423 2395 1568 2444 simillimis
1595 2396 1770 2458 supellectilis
1797 2402 1942 2460 argenteae
1968 2399 2082 2462 Bernayi

1021 2479 1118 2543 (liure)
1145 2487 1269 2543 repertae
1294 2482 1332 2545 (v.
1358 2483 1524 2533 Lenormant
1546 2485 1614 2533 llull.
1637 2485 1700 2533 dell'
1724 2485 1788 2533 lnst.
1815 2483 1883 2535 1830
1910 2501 1935 2549 p.
1954 2484 1988 2535 oi
2012 2483 2080 2552 sq),

1020 2582 1089 2631 quae
1108 2575 1171 2618 suut
1189 2571 1252 2619 hae:

1022 2688 1052 2759 l)
1072 2706 1766 2757 munerato-aversio·o·nouirrvs·rvrvs·nx·voro;
1782 2700 1809 2747 in
1822 2698 1911 2747 medio
1925 2710 2082 2758 arscsnvurf

1020 2796 1049 2861 2)
1228 2800 1321 2849 eadem
1341 2801 1496 2862 inscriptio:
1620 2816 1623 2823 ’
1768 2804 2007 2854 inmaduere-su

1021 2902 1050 2969 3)
1230 2908 1288 2955 sine
1307 2908 1486 2969 inscriptione
1914 2921 2035 2971 oasam

1020 3032 1085 3080 item
1105 3042 1165 3080 cum
1187 3032 1265 3080 titulo
1283 3032 1452 3081 ferrariensi
1472 3032 1568 3081 Marini
1584 3031 1648 3081 Art.
1662 3046 1687 3095 p.
1702 3029 1764 3091 230,

1021 3133 1100 3183 quem
1120 3123 1147 3169 et
1165 3120 1222 3182 ipse
1241 3120 1296 3168 vidi
1315 3121 1469 3170 Ferrariae':
1910 3131 2082 3172 nxxrrrsavn
2187 3185 2191 3189 ‚

307 3470 410 3518 Horum
430 3468 550 3518 omnium
570 3470 689 3531 priorem
709 3474 812 3532 partem
831 3468 960 3520 facillime
979 3475 1123 3536 explicabit
1142 3477 1188 3537 qui
1211 3477 1263 3525 scit
1282 3488 1297 3524 r
1317 3489 1376 3525 osse
1392 3476 1492 3538 pondo,
1515 3475 1660 3532 -unciam,
1682 3486 1697 3524 ι
1716 3462 1896 3531 semunciam,
1916 3485 1930 3520 n
1949 3473 2079 3521 sicilicum

311 3560 368 3606 sive
386 3558 482 3607 unciae
501 3562 605 3619 partein
625 3564 747 3620 quartam
768 3557 873 3618 (volus.
892 3559 976 3610 Maec.
995 3563 1013 3621 8
1032 3558 1075 3610 27.
1093 3559 1136 3613 29.
1156 3563 1254 3613 Marini
1275 3564 1338 3615 Aru.
1359 3578 1385 3627 p.
1407 3561 1488 3623 227);
1510 3568 1538 3612 ut
1558 3564 1702 3613 habeamus

589 3646 617 3694 in
636 3646 716 3695 Bern.
759 3647 771 3695 l
829 3660 939 3696 arsur
959 3669 991 3690 =
1012 3651 1101 3712 pondo
1138 3646 1214 3713 μιχ96

590 3735 617 3783 in
636 3737 717 3785 llern.
747 3735 773 3784 11
831 3747 904 3784 ru-
957 3757 990 3778 =
1046 3755 1059 3784 o
1138 3736 1203 3803 ψη,

588 3825 615 3873 ὶι]
635 3825 774 3874 berulli
831 3810 922 3875 atsto
957 3822 990 3865 εἰ
1047 3824 1089 3870 o'
1140 3821 1216 3890 mssa

623 3909 666 3957 (sle
682 3909 820 3962 corrigenda)
837 3950 840 3959 ,

588 3985 615 4031 in
634 3984 710 4033 Ferr.
830 3996 992 4034 nxxrus=
1049 4000 1061 4029 o
1120 3980 1192 4045 23¹l2
1274 4020 1278 4026 .

587 4073 615 4121 in
635 4077 728 4121 nostra
830 4086 930 4124 asra
955 4093 988 4114 =
1045 4091 1057 4116 ν)
1150 4070 1207 4135 '¹⁹l22

250 4149 255 4158 ’
308 4164 359 4212 Sed
389 4164 455 4226 quid
483 4161 613 4211 iaciemus
642 4148 674 4210 dc
701 4163 743 4211 his
772 4176 841 4225 quae
870 4167 989 4213 restant?

397 4246 400 4253 ⁴
591 4250 618 4297 in
638 4250 717 4299 Bern.
761 4250 772 4298 l
829 4263 926 4301 ovilis

589 4340 614 4387 in
635 4339 716 4387 Bern.
749 4338 775 4387 ll
831 4352 886 4389 nu

590 4428 618 4476 in
637 4427 718 4476 bern.
737 4426 776 4476 lll
832 4438 882 4475 rx

588 4517 616 4565 in
634 4517 709 4566 Ferr.
831 4528 899 4571 rvu

589 4605 617 4653 in
636 4608 728 4653 nostra
831 4615 846 4653 a
865 4616 924 4662 var,
946 4604 991 4652 ubi
1012 4606 1120 4667 corrigo
1139 4617 1152 4652 a
1173 4618 1219 4653 vu.

235 4700 238 4715 '
310 4709 370 4743 cum
391 4692 566 4743 reiiciendam
590 4706 651 4741 esse
668 4692 777 4741 Marinii
797 4692 1048 4754 interpretationem
1068 4694 1113 4755 qui
1135 4706 1146 4746 a
1165 4693 1247 4742 habet
1265 4706 1314 4755 pro
1334 4694 1464 4755 scriptulo
1483 4696 1540 4742 sive
1560 4688 1618 4755 'stas
1636 4693 1726 4756 pondo
1745 4695 1812 4743 mibi
1830 4693 1937 4757 quidem
1957 4697 2076 4753 constet3

309 4798 396 4847 neque
415 4782 488 4831 enirn
508 4782 596 4845 placet
616 4781 739 4831 transitio
759 4781 891 4830 eiusmodi
911 4794 926 4829 a
945 4781 1016 4830 notis
1035 4780 1068 4830 ad
1087 4795 1215 4830 numeros
1234 4786 1260 4830 et
1280 4781 1373 4831 decem
1393 4781 1436 4830 vel
1455 4786 1516 4830 octo
1535 4782 1663 4843 scriptula
1682 4786 1828 4845 potuerunt
1847 4782 1934 4831 notari
1953 4795 1984 4830 ex
2003 4787 2079 4844 parte

309 4847 383 4920 certe
402 4871 488 4920 solitis
507 4872 578 4919 notis
598 4871 772 4920 sicilicorum.
802 4870 892 4932 Quare
912 4870 977 4919 mibi
996 4870 1054 4918 visa
1073 4874 1114 4919 est
1132 4871 1219 4934 prima
1238 4874 1301 4919 uota
1316 4868 1435 4918 indicare
1453 4871 1597 4918 sectarium
1609 4871 1644 4918 od
1655 4871 1755 4929 mrum,
1776 4884 1856 4934 quern
1871 4882 1886 4921 n
1900 4871 1986 4920 notari
2001 4869 2080 4919 docet

307 4960 365 5010 Vol.
384 4960 470 5011 Maec.
489 4961 507 5019 3
525 4957 559 5008 80
579 4965 607 5008 et
626 4960 754 5023 exemplis
774 4959 932 5008 confirmari
951 4959 972 5008 l.
993 4959 1024 5007 N.
1045 4956 1122 5008 5078.
1161 4959 1240 5008 Certe
1264 4958 1351 5020 aliqua
1375 4957 1487 5020 liquoris
1511 4972 1637 5008 mensura
1660 4972 1692 5008 ex
1717 4959 1749 5007 iis
1775 4972 1840 5022 quas
1863 4959 2016 5008 Maecianus
2041 4958 2078 5007 ibi

205 5037 207 5041 ¹
309 5053 434 5098 recenset
453 5048 505 5096 boc
523 5049 583 5097 loco
603 5049 753 5107 indicatur,
774 5062 853 5111 wara
869 5050 890 5097 si
905 5048 1050 5110 placuisset
1068 5047 1282 5110 descriptoribus
1300 5060 1426 5095 vasorum
1445 5060 1600 5096 mensuram
1618 5046 1748 5097 adnotare
1768 5048 1894 5097 facillime
1912 5060 2078 5096 erueremus.

308 5138 342 5187 At
360 5136 441 5200 periit
459 5150 505 5184 vas
527 5136 603 5185 cuius
624 5138 695 5185 basis
713 5137 780 5200 lapis
799 5137 980 5186 Ferrariensis
999 5136 1063 5183 olim
1083 5134 1134 5184 luit
1151 5139 1178 5184 et
1196 5134 1409 5197 Bernayenslum
1428 5136 1567 5198 nostrique
1586 5149 1713 5185 mensura
1731 5148 1786 5184 non
1804 5136 1933 5199 proditur.

162 5230 298 5278 accurate
322 5227 455 5277 delineata
479 5226 639 5275 exhibentur
662 5226 729 5274 baec
754 5239 818 5274 vasa
837 5239 899 5275 oum
917 5224 1074 5288 anaglyphis
1094 5227 1121 5273 et
1139 5224 1361 5287 inscriptionibus
1386 5224 1413 5272 in
1432 5223 1560 5273 fasciculo
1579 5225 1745 5287 picturarum
1765 5224 1835 5273 illius
1854 5224 1948 5273 aetatis
1966 5237 2018 5287 qua
2037 5237 2076 5273 re·

160 5320 335 5380 pertusant,
363 5316 408 5378 qui
428 5328 459 5362 ex
478 5314 640 5363 bibliotheca
658 5314 759 5362 civium
778 5313 970 5363 Turicensium
990 5314 1017 5361 in
1037 5313 1186 5362 eorundem
1205 5314 1385 5375 antiquarium
1407 5326 1493 5375 nuper
1512 5314 1627 5363 transiit.
1662 5311 1699 5361 Ex
1720 5314 1770 5362 hoc
1788 5312 1917 5362 fasciculo
1936 5312 2076 5374 desumpta

160 5409 205 5454 est
222 5409 249 5454 et
268 5405 371 5466 pictura
392 5402 534 5452 Zolleriani
554 5402 613 5451 cod.
632 5417 658 5465 p.
679 5398 822 5450 ati-aas
847 5402 922 5464 (inde
942 5402 1035 5451 Haller
1052 5402 1094 5460 ll,
1115 5398 1165 5451 185
1186 5402 1238 5464 sq.)
1258 5406 1285 5452 et
1304 5401 1417 5451 bleriaui
1438 5402 1504 5465 (top.
1525 5402 1630 5452 Helvet.
1650 5415 1675 5464 p.
1696 5399 1742 5465 51)
1763 5402 1865 5459 tabula,
1893 5415 1924 5450 ex
1943 5414 1994 5463 qua
2013 5414 2076 5463 pen-

165 5495 230 5543 dent
250 5493 345 5555 reliqui
365 5504 472 5547 omnes,
493 5495 523 5539 ut
540 5491 647 5540 Reines.
665 5491 691 5549 Ι,
712 5488 742 5538 81
765 5496 837 5549 ιιοῑ.;
857 5490 977 5553 Wagner
995 5489 1078 5539 blera.
1097 5488 1139 5539 ed.
1160 5484 1177 5535 2
1197 5504 1220 5552 p.
1243 5487 1307 5545 158,
1330 5491 1370 5540 ed.
1392 5487 1408 5537 3
1427 5504 1453 5552 p.
1479 5489 1542 5545 lat:
1563 5490 1728 5554 Hagenbucb
1748 5490 1806 5538 cod.
1824 5484 1875 5536 aad
1895 5503 1919 5550 p.
1940 5485 2006 5547 ³21;
2028 5490 2077 5539 Bo·

163 5584 225 5630 citat
239 5577 367 5639 ll,·t02;
388 5579 472 5630 Orell.
491 5576 543 5629 458
562 5599 594 5620 =
614 5575 676 5628 ⁸265.
1826 5646 1858 5694 13
