4972 6902
1358 712 1382 763 x

407 888 549 961 Rotbius
573 889 798 978 Basileeusis,
822 886 979 961 llellorus
999 887 1214 977 luccensis,
1240 891 1294 982 qui
1318 890 1440 982 singuli
1464 911 1551 984 qnae
1574 890 1788 981 collegerant
1812 889 1997 986 Troyouus
2021 890 2225 978 vallearia,
2248 889 2326 961 Ro-

408 1013 496 1086 tbius
519 1015 742 1104 Augustam,
778 1012 936 1085 Kellerus
959 1033 1035 1083 cum
1057 1013 1121 1083 alia
1151 1021 1219 1085 tum
1243 1011 1435 1103 Vallensia,
1469 1015 1631 1105 singulari
1654 1015 1858 1088 humanitate
1881 1024 1916 1087 et
1937 1014 2136 1087 liberalitato
2159 1023 2231 1087 tota
2254 1012 2329 1086 mibi

408 1135 662 1233 patefecerunt,
699 1137 856 1209 llellcrus
886 1145 1067 1231 praeterea
1092 1140 1187 1230 quasi
1218 1137 1361 1231 quodam
1383 1137 1510 1210 laboris
1534 1141 1710 1211 consortio
1733 1138 1858 1209 nullam
1880 1137 1960 1211 boni
1990 1140 2074 1210 socii
2098 1159 2237 1234 operam
2259 1160 2327 1210 nou

407 1260 485 1332 mihi
508 1263 685 1356 praestitit.
734 1259 862 1347 Quibus
885 1259 1061 1351 adiungam
1086 1260 1229 1355 optimos
1258 1270 1293 1332 et
1315 1260 1508 1335 indefessos
1537 1264 1652 1357 operia
1680 1258 1853 1335 adiutores
1883 1262 2044 1334 Soretum
2071 1261 2327 1350 (ieneveusem,

410 1384 451 1457 G.
477 1384 680 1457 Visebarum
708 1385 963 1474 Basileensem,
995 1383 1175 1480 Meyerum
1201 1394 1238 1457 et
1264 1385 1456 1457 Homerum
1486 1396 1522 1458 et
1548 1384 1719 1458 Baiterum
1752 1384 1981 1476 Turicenses,
2014 1385 2133 1481 quibus
2167 1387 2329 1460 molestus

411 1529 516 1603 saepe
539 1512 639 1599 ueni,
669 1530 836 1603 nmquam
866 1530 941 1580 oum
964 1509 1102 1603 repulsa
1124 1508 1201 1581 abii.
1250 1509 1395 1583 Omnino
1418 1532 1460 1581 ea
1484 1531 1571 1604 quae
1593 1513 1689 1602 viget
1711 1510 1799 1605 apud
1821 1510 2000 1584 Helvetios
2029 1514 2239 1606 antiquarum
2265 1529 2329 1581 re-

410 1654 482 1704 rum
506 1653 586 1704 cara
608 1633 800 1706 recordatio
823 1642 859 1704 et
881 1632 1135 1726 diligentissima
1165 1636 1383 1726 investigatio
1414 1636 1615 1729 permultum
1644 1635 1751 1707 studia
1781 1656 1857 1706 mea
1887 1635 2030 1724 adiuvit3
2064 1635 2211 1727 benigne
2239 1638 2327 1707 anim

410 1759 575 1853 accipiunt
597 1758 750 1831 homiues
773 1761 927 1853 quamvis
950 1769 1092 1832 exteros
1116 1768 1152 1830 et
1173 1762 1327 1852 ignotos,
1351 1757 1408 1830 ubi
1430 1780 1492 1831 eos
1515 1758 1633 1832 uident
1654 1769 1794 1855 propter
1821 1760 1883 1831 bas
1905 1780 1964 1832 res
1988 1780 2028 1831 se
2050 1757 2165 1849 adire,
2189 1768 2226 1830 et
2247 1761 2328 1829 mira

411 1880 552 1974 quadam
574 1879 745 1974 diligentia
766 1885 892 1978 patrias
908 1886 1120 1977 antiquitates
1137 1894 1290 1956 servant.
1327 1883 1455 1955 Extant
1470 1883 1570 1956 bodie
1584 1904 1703 1956 musea
1717 1883 1877 1979 lapidaria
1899 1883 2153 1979 quibuscunque
2172 1884 2258 1955 locis
2280 1886 2329 1953 ti-

410 2006 468 2077 tuli
493 2006 605 2101 paullo
634 2009 762 2078 maiore
791 2026 932 2077 numero
962 2004 1154 2100 prodeunt5
1182 2016 1218 2078 et
1244 2016 1341 2078 recte
1373 2007 1605 2080 custodiuntur
1635 2007 1765 2103 lapides
1794 2006 1938 2101 ubique,
1972 2017 2121 2103 excepta
2154 2029 2222 2077 una
2253 2006 2329 2079 Ge-

409 2151 520 2219 ueva,
555 2131 650 2202 cuius
671 2132 780 2201 musal
801 2137 933 2225 turpem
957 2129 1192 2201 condicionem
1214 2132 1311 2202 cives
1335 2129 1531 2225 deplorant,
1567 2135 1679 2203 exteri
1707 2131 1807 2203 modo
1830 2131 1941 2203 rident
1970 2130 2071 2202 modo
2093 2129 2320 2221 indignantur.

407 2253 501 2326 ldem
522 2254 598 2326 fare
620 2254 714 2327 ualet
737 2253 779 2325 de
802 2253 975 2327 codicibus
999 2256 1146 2349 scriptis.
1195 2254 1264 2326 Vix
1287 2255 1386 2325 ullam
1409 2265 1591 2350 practerea
1613 2255 1714 2327 bodie
1737 2258 1947 2351 provinciam
1971 2278 2052 2328 esse
2074 2263 2172 2350 puto,
2205 2258 2240 2327 in
2264 2277 2328 2350 qna

409 2380 500 2449 sexti
515 2376 635 2448 decimi
652 2378 782 2450 saeculi
796 2379 992 2472 scriptores
1012 2380 1198 2469 grauiores
1218 2376 1293 2449 fere
1310 2399 1430 2451 omnes
1454 2380 1496 2450 ad
1520 2380 1728 2474 autographa
1751 2383 1897 2472 exigere
1919 2380 2039 2469 liceat3
2064 2388 2100 2452 ut
2114 2378 2192 2451 mibi
2207 2380 2330 2451 accidit

408 2504 443 2574 in
469 2502 643 2591 Heluetia,
679 2523 766 2596 quae
796 2501 906 2572 adbuc
934 2511 1054 2574 servat
1079 2506 1153 2597 ipsa
1183 2500 1335 2597 Stumpbi
1365 2503 1526 2575 Tsehudii
1557 2504 1743 2577 Bonivardi
1772 2527 1871 2577 manu
1905 2508 2030 2600 scripta
2062 2504 2234 2575 chronica.
2282 2505 2330 2577 lta

408 2626 620 2716 factumest,
645 2634 683 2698 ut
705 2648 804 2720 quem
826 2627 904 2697 mihi
923 2627 1102 2699 molestum
1120 2636 1417 2721 repraesentarem
1437 2628 1589 2699 laborem
1603 2628 1767 2700 iucundus
1784 2628 1981 2700 efficeretur
1995 2638 2152 2701 notorum
2167 2628 2277 2700 studio
2292 2640 2326 2699 et

408 2760 608 2844 ignotorum
625 2749 886 2839 benevolentia,
912 2749 1030 2844 quibus
1049 2750 1201 2822 omnibus
1222 2751 1310 2822 ha'nc
1325 2753 1498 2846 peregrini
1512 2752 1654 2824 hominis
1669 2773 1808 2846 operam
1823 2751 1960 2846 probari
1974 2751 2199 2824 vehementer
2212 2756 2320 2847 cupio.

495 2875 618 2947 Restat
640 2877 815 2947 nuntiatio.
864 2875 994 2947 Titulos
1018 2884 1118 2947 extra
1141 2875 1293 2946 ordinem
1316 2879 1468 2948 iacentes
1491 2897 1602 2969 neque
1631 2878 1760 2949 relatos
1788 2880 1822 2947 in
1852 2898 1928 2948 eam
1959 2876 2001 2946 ad
2032 2899 2130 2970 quam
2159 2878 2321 2971 pertinent

409 2999 569 3094 syllogeu
591 3021 659 3071 uon
682 3000 785 3072 multo
809 3003 918 3073 minus
942 2999 1092 3072 eruditos
1114 3001 1223 3071 latere
1247 3022 1343 3095 quarn
1368 3003 1424 3094 qui
1445 2999 1507 3071 sub
1530 3009 1623 3071 terra
1645 2997 1753 3071 adbuc
1774 3001 1881 3071 latent
1903 3021 2005 3095 supra
2028 3002 2093 3070 iam
2115 3004 2318 3085 monuimus3

409 3142 521 3218 aequa
545 3135 656 3196 muron
680 3123 754 3196 fieri
776 3133 909 3220 potest,
934 3134 970 3197 ut
993 3123 1158 3196 eiusmodi
1180 3125 1317 3220 sylloge
1340 3125 1484 3216 singulis
1508 3125 1603 3196 annia
1624 3123 1818 3195 recudatur.
1860 3124 2045 3218 Utrumque
2060 3134 2096 3197 ut
2111 3126 2324 3212 conciliaret,

410 3252 560 3321 societas
591 3251 851 3343 antiquariorum
882 3249 1116 3321 Turicensium
1144 3252 1317 3322 constituit
1347 3249 1435 3321 banc
1464 3249 1632 3344 syllogam
1659 3252 1704 3320 ita
1735 3251 1952 3338 continuare,
1989 3258 2025 3320 ut
2055 3250 2323 3344 supplementum

410 3376 482 3445 eius
499 3376 697 3467 paginarum
714 3395 855 3445 numero
879 3376 1073 3446 condunato
1097 3376 1274 3469 quotannis
1296 3374 1355 3445 vel
1378 3383 1474 3445 certe
1496 3372 1658 3445 brevibus
1681 3373 1867 3445 intervallis
1890 3373 2043 3468 prodiret
2064 3373 2143 3445 huic
2165 3375 2326 3445 uolumini

410 3496 677 3589 adiungendum,
703 3496 813 3568 doueo
830 3497 1128 3583 additamentorum
1151 3498 1260 3571 moles
1283 3500 1329 3569 ita
1352 3502 1590 3586 excrevisset,
1614 3506 1649 3568 ut
1671 3519 1796 3569 novam
1814 3498 1973 3594 syllogeu
1989 3502 2192 3592 requireret.
2230 3498 2325 3569 Hor·

410 3630 518 3692 tanum
539 3624 640 3712 igitur
662 3623 757 3693 viros
782 3621 901 3693 doctos
925 3631 961 3693 et
981 3643 1095 3693 rerum
1119 3624 1299 3718 patriarum
1322 3627 1500 3711 curiosos,
1526 3632 1562 3693 ut
1583 3624 1648 3717 ipsi
1669 3622 1845 3695 uobiscum
1869 3625 2117 3694 communicent
2139 3644 2215 3694 cum
2240 3643 2326 3715 quae

408 3746 443 3817 iu
464 3745 530 3816 boc
552 3746 724 3817 volumine
747 3746 956 3818 emendanda
980 3768 1061 3819 esse
1085 3750 1278 3842 apparuerit
1299 3757 1368 3819 tum
1391 3768 1477 3841 quae
1501 3746 1662 3842 deinceps
1685 3746 1890 3842 prodierint,
1914 3750 1994 3818 item
2009 3755 2045 3816 ut
2060 3746 2102 3816 de
2121 3747 2187 3819 boc
2203 3749 2323 3818 socie-

410 3871 487 3941 tatis
516 3868 657 3941 decreto
686 3892 749 3941 eos
778 3892 919 3964 quorum
947 3873 1091 3944 interest
1122 3871 1283 3966 deinceps
1314 3870 1617 3944 commonefaciant
1648 3881 1683 3944 et
1711 3881 1869 3965 quantum
1902 3875 2043 3965 quisque
2077 3880 2191 3966 potest
2217 3875 2252 3942 in
2283 3892 2327 3941 eo

410 3992 584 4066 uobiscum
615 3991 810 4083 elaborent,
845 4004 882 4065 ut
909 3993 1056 4067 babeant
1082 3994 1228 4067 Helvetii
1258 3994 1342 4067 duas
1373 4017 1431 4067 res
1467 3995 1510 4066 ad
1544 3999 1798 4090 inscriptionum
1833 3995 1975 4067 studium
2009 4005 2105 4067 recte
2141 3994 2326 4067 ordinatum

411 4120 645 4205 necessarias,
669 4121 810 4213 primum
839 4140 964 4214 corpus
991 4120 1245 4216 inscriptionum
1268 4118 1473 4209 absolutum,
1510 4119 1630 4191 deinde
1660 4121 1831 4214 sequelam
1856 4123 1930 4193 aius
1954 4129 1988 4192 et
2020 4122 2324 4205 continuationem,

412 4241 647 4335 ephemerides
670 4243 917 4338 epigrapbicas.

483 4537 593 4620 Scripsi
613 4540 709 4600 Turici
728 4560 828 4601 mense
847 4541 1003 4602 Februario
1022 4562 1168 4603 uncecurv.
