4972 6902
1255 713 1404 789 'vr

428 887 560 962 amabat
574 898 611 962 ut
625 888 872 980 Zwingliannm
887 897 923 961 et
936 889 1145 962 monasticae
1161 885 1371 983 turpitudinis
1390 886 1530 959 liberum
1547 888 1843 979 accusatorem),
1867 890 2002 959 nomine
2017 886 2140 982 ubique
2156 908 2349 982 suppresso

426 1012 588 1105 singulari
611 1011 745 1085 rabitis
769 1022 804 1085 et
826 1012 930 1083 multo
953 1015 1062 1104 magis
1085 1012 1248 1102 singulari
1270 1011 1418 1083 fortuna.
1454 1012 1524 1084 lam
1547 1012 1636 1107 quod
1656 1017 1690 1084 in
1710 1013 1774 1084 hac
1800 1012 1946 1084 editione
1967 1033 2064 1083 suum
2087 1013 2199 1085 locum
2223 1012 2350 1083 Stam-

425 1135 493 1231 pho
515 1136 643 1209 reddidi
666 1158 809 1230 eumque
833 1135 1005 1209 vindicavi
1027 1158 1047 1207 a
1070 1144 1160 1207 tecte
1191 1134 1380 1208 adversarii
1407 1139 1474 1225 ira,
1511 1158 1552 1208 ea
1582 1159 1621 1208 re
1651 1146 1687 1209 et
1713 1139 1857 1210 iustitiae
1886 1159 1968 1210 sero
1991 1136 2123 1231 qudem
2146 1135 2208 1209 sed
2230 1145 2351 1207 tamen

426 1265 508 1334 satis
530 1284 585 1332 me
608 1261 736 1334 fecisse
760 1263 915 1335 existimo
940 1270 976 1331 ιι
997 1261 1197 1355 permadtum
1219 1258 1412 1355 profecisse
1435 1263 1469 1332 in
1491 1261 1595 1333 titulis
1619 1260 1845 1356 compluribus
1868 1270 1965 1332 recte
1987 1260 2182 1334 tractandis.
2206 1260 2353 1333 -Post

427 1384 624 1481 Stumpbum
659 1385 746 1481 apud
777 1386 955 1458 Helvetios
991 1384 1111 1455 dudum
1144 1386 1321 1455 iacuerunt
1354 1385 1440 1455 haec
1475 1385 1584 1457 studia
1612 1407 1723 1479 neque
1756 1388 1788 1456 in
1816 1385 1973 1458 Helvetia
2003 1386 2099 1473 sola3
2134 1407 2210 1456 nam
2243 1394 2281 1457 ut
2314 1388 2351 1455 in
2479 1368 2480 1373 ¹

423 1508 517 1582 ltalia
536 1509 706 1583 Manutius
725 1519 765 1595 ¹et
788 1509 937 1581 Smetius
960 1510 1091 1600 ingenti
1111 1508 1292 1580 intereundo
1316 1517 1519 1603 separantur
1540 1531 1560 1579 a
1582 1507 1715 1580 hlalleio
1739 1518 1774 1580 ιι
1796 1507 1957 1598 Marinio,
1981 1511 2028 1581 ita
2049 1509 2160 1581 ubivis
2180 1509 2255 1580 iere
2279 1530 2350 1604 per

426 1618 599 1706 saeculum
613 1635 710 1706 XVll
730 1636 967 1728 inscriptiones
991 1632 1273 1724 neglegebantur.
1315 1631 1458 1704 Omnino
1481 1655 1567 1705 vera
1589 1633 1772 1728 philologia
1796 1643 1840 1726 et
1854 1633 2108 1725 Scabgerorum
2129 1633 2352 1729 Lipsiorum-

426 1780 491 1852 que
521 1768 557 1831 ιι
583 1768 723 1830 nostrae
750 1760 870 1830 aetatis
897 1759 1085 1852 principum
1114 1759 1267 1828 virorum
1290 1777 1427 1851 semper
1449 1778 1548 1850 quam
1570 1760 1717 1828 maxime
1739 1758 1822 1829 aluit
1845 1757 1886 1829 ab
1915 1757 2186 1853 inscriptionibus
2214 1780 2351 1853 asper-

425 1882 565 1970 nandis3
600 1883 662 1955 sed
690 1882 921 1974 neglexerunt
950 1882 1206 1974 neglegrmtque
1238 1901 1298 1951 eas
1335 1882 1389 1973 qui
1424 1890 1524 1952 extra
1557 1880 1833 1954 bibliothecarum
1867 1884 2045 1978 pulverem
2076 1883 2156 1955 nibil
2187 1883 2353 1955 viderunt

425 2007 608 2102 videntque
631 2006 773 2079 taediosi
795 2008 903 2097 magis
928 2027 1026 2099 ᾳιιιιιιι
1049 2004 1139 2077 docti
1161 2004 1333 2094 homines,
1366 2006 1483 2098 quales
1506 2006 1643 2078 fuerunt
1666 2010 1721 2100 qui
1744 2007 1935 2099 regnabant
1958 2008 2097 2080 saeculo
2121 2007 2253 2079 decimo
2277 2029 2349 2079 se·
2479 2088 2480 2099 χ

423 2135 537 2228 ptimo.
570 2131 666 2204 Unus
689 2132 810 2224 dignus
834 2140 888 2203 est
910 2134 1006 2202 huius
1031 2131 1159 2203 saeculi
1179 2140 1297 2202 auctor
1313 2130 1367 2202 hic
1383 2133 1439 2223 qui
1453 2133 1645 2202 nominetur
1667 2137 1806 2201 Iacobus
1832 2134 1940 2221 Spes,
1965 2136 2021 2227 qui
2042 2132 2131 2205 bene
2155 2136 2276 2206 meruit
2303 2133 2348 2205 de

425 2256 683 2332 Genavensibus
717 2257 819 2328 titulis
853 2255 989 2351 sylloge
1024 2276 1066 2326 ea
1101 2276 1197 2348 quam
1233 2258 1375 2350 primum
1411 2255 1511 2327 edidit
1546 2278 1635 2327 anno
1672 2256 1769 2328 1680.
1817 2299 1858 2310 -
1900 2258 2048 2329 Saeculo
2082 2258 2194 2330 XVlll
2233 2262 2348 2331 extitit

424 2388 494 2452 lob.
522 2385 690 2467 Gnapume
715 2383 967 2466 Hcpeobucbias
998 2379 1196 2452 Turicensis
1218 2383 1273 2453 vir
1297 2380 1415 2455 doctus
1439 2390 1475 2452 et
1495 2380 1706 2463 indefessus,
1736 2381 1798 2453 sed
1821 2384 1876 2452 cui
1898 2380 1942 2451 dii
1963 2382 2049 2453 ultra
2072 2380 2208 2453 modum
2229 2382 2347 2454 indul-

345 2542 347 2549 ·
424 2517 544 2580 serunt
557 2515 593 2578 ιι
607 2507 782 2577 scientiam
798 2512 833 2575 et
848 2505 1059 2597 patientiam3
1079 2507 1125 2575 ita
1141 2507 1229 2575 enim
1245 2508 1350 2577 scitus
1365 2505 1425 2579 fuit
1440 2516 1477 2577 ut
1491 2528 1553 2601 per
1570 2507 1791 2601 quadraginta
1806 2528 1914 2581 annos
1931 2511 2110 2581 continuos
2125 2511 2213 2581 inter
2229 2530 2344 2581 cano-

424 2633 535 2706 nicale
556 2629 635 2701 illud
658 2632 762 2701 otium
783 2627 827 2699 de
848 2627 1036 2700 Helveticis
1058 2628 1160 2700 titulis
1184 2640 1430 2702 commentatus
1453 2640 1565 2703 umen
1589 2630 1758 2704 scribendi
1781 2634 1959 2703 terminum
1983 2641 2018 2704 et
2047 2631 2192 2705 docendi
2213 2635 2339 2707 initium

422 2758 594 2829 inverniret
615 2754 760 2842 nullum,
790 2755 837 2823 ita
859 2761 972 2822 autem
992 2754 1126 2846 patiens
1149 2752 1294 2842 laboris,
1327 2763 1364 2826 ut
1393 2755 1558 2829 lectorem
1581 2759 1646 2830 nisi
1673 2757 1823 2831 fortasse
1845 2761 1897 2829 sui
1921 2758 2062 2831 similem
2086 2756 2247 2831 caelibem
2269 2757 2336 2828 ali-

424 2905 523 2977 quem
545 2878 654 2952 adhuc
677 2877 802 2949 nullum
824 2874 988 2968 obtigisse
1012 2879 1046 2947 ei
1065 2886 1160 2948 certo
1184 2877 1354 2972 spondere
1376 2878 1528 2952 audeam.
1563 2880 1634 2953 Sed
1652 2891 1764 2955 ιιιιιιιι
1784 2883 1886 2954 multa
1907 2883 2062 2974 collegit,
2087 2891 2123 2955 ut
2139 2884 2333 2972 eratmagni

423 3010 566 3080 nondnis
594 3008 649 3077 vir
679 3013 714 3076 et
742 3003 887 3095 diligam
918 3002 1088 3074 titulorum
1117 3024 1243 3075 recens
1275 3013 1485 3076 relectorum
1515 3008 1763 3097 investigator3
1799 3006 2003 3100 multumque
2034 3005 2237 3079 adiuverunt
2257 3027 2335 3108 ‘eum

424 3154 512 3228 quae
534 3131 600 3204 duo
623 3130 784 3225 aequales
808 3127 1085 3216 Gallohelvetici,
1115 3130 1297 3197 Abuoritua
1320 3128 1537 3201 Genevensis
1568 3138 1602 3199 ιι
1625 3132 1792 3199 ιιιιιιιιιιι
1825 3130 2075 3205 lausannensis
2099 3153 2162 3226 per
2184 3153 2227 3202 ea
2248 3141 2340 3202 tem·

422 3277 508 3350 pora
524 3262 739 3350 repererunt.
777 3252 927 3339 Quorum
950 3252 1004 3324 hic
1026 3252 1127 3323 multa
1150 3252 1287 3347 protulit
1309 3274 1402 3324 nova
1426 3275 1472 3323 ex
1495 3274 1581 3344 agro
1602 3252 1782 3342 Valdensi,
1807 3257 1872 3327 etsi
1887 3275 1994 3349 pauca
2010 3254 2128 3341 edidit3
2155 3253 2339 3329 dbauaitus

423 3389 535 3452 autom
556 3387 739 3473 praeterea
766 3399 848 3448 cura
876 3386 912 3447 et
939 3377 1091 3448 sollertia
1122 3398 1188 3470 qua
1209 3378 1315 3448 voluit
1337 3376 1494 3461 itabens
1517 3379 1638 3448 meruit
1661 3376 1703 3449 de
1733 3377 1896 3472 lapidibus
1919 3381 2054 3473 patriis,
2090 3387 2127 3451 ut
2155 3383 2283 3474 primus
2305 3382 2340 3450 ei
2479 3400 2480 3407 ¹

346 3538 349 3545 ·
421 3505 518 3577 locus
544 3506 632 3574 inter
655 3500 942 3574 Gellohelveticos
974 3509 1133 3573 auctores
1157 3501 1394 3596 epigraphicos
1422 3505 1496 3572 iure
1520 3501 1693 3575 tribuatur.
1744 3502 1814 3574 Sed
1837 3513 1949 3575 tamen
1980 3525 2048 3577 non
2080 3506 2163 3577 satis
2193 3504 2341 3600 prolue-

422 3639 500 3701 runt
522 3627 661 3699 eruditis
684 3647 770 3720 quae
793 3634 865 3697 tres
888 3624 923 3696 hi
943 3626 1011 3696 viri
1033 3626 1264 3716 collegerant3
1289 3623 1447 3697 Abauniti
1470 3629 1557 3697 enim
1581 3625 1667 3697 liber
1689 3649 1765 3698 cum
1789 3625 2013 3699 adiuratorio
2032 3630 2067 3701 in
2084 3631 2341 3723 inscriptionum

421 3754 583 3828 thesauro
606 3749 817 3823 conficiendo
840 3749 1103 3840 neglegantur,
1136 3748 1345 3820 Ruchatiana
1368 3760 1481 3821 autem
1503 3759 1539 3822 ιι
1560 3749 1848 3842 Hagenbuchiana
1871 3751 2033 3845 pleraque
2055 3754 2088 3824 in
2112 3751 2247 3825 schedis
2271 3752 2341 3825 de·-

422 3879 638 3965 litescercnt,
670 3874 712 3946 ad
740 3882 881 3947 exteros
906 3882 1002 3945 certe
1024 3878 1072 3943 eir
1093 3873 1213 3946 borum
1235 3894 1326 3968 penu
1348 3895 1417 3945 non
1441 3874 1578 3946 multum
1600 3878 1770 3969 pervenit.
1819 3875 2003 3947 Succrevit
2025 3875 2148 3947 deinde
2167 3877 2341 3965 titulorum

422 4025 515 4075 nova
538 4001 661 4073 messis
683 3997 841 4069 fortunae
862 3995 1030 4071 beneficio
1052 4006 1088 4067 ιι
1110 4005 1209 4067 aucta
1232 4001 1357 4071 sensim
1375 3997 1635 4071 describentium
1652 4002 1768 4094 copia;
1791 4001 1838 4071 ita
1853 4009 1889 4071 ut
1906 4000 2068 4093 qrrosdam
2087 4004 2205 4091 citam,
2231 4003 2341 4075 Salo·-
2479 3974 2480 3979 Ἰ

421 4128 495 4199 duri
516 4125 629 4199 titanios
653 4143 740 4193 anno
766 4121 853 4193 1762
874 4130 1032 4217 repertos
1056 4122 1122 4193 viri
1145 4119 1235 4193 docti
1256 4121 1302 4193 ibi
1326 4121 1493 4214 degentes
1518 4122 1637 4194 sedulo
1662 4132 1894 4219 exceperunt,
1920 4127 2074 4219 quamvis
2090 4148 2158 4198 non
2176 4128 2338 4213 ederent;

420 4254 648 4334 Ecctopnctas
683 4249 811 4341 reperit
844 4244 1028 4318 Valdensia
1062 4245 1235 4341 complura
1267 4250 1470 4341 praesertim
1504 4251 1623 4343 cippos
1663 4251 1823 4323 miliarios
1859 4250 2008 4342 aliquot3
2049 4253 2161 4334 Lepti,
2186 4253 2335 4327 Leandis,

420 4376 566 4446 mammo
589 4375 727 4441 llaritbi
747 4369 914 4442 beneficio
935 4373 1153 4443 innotuerunt
1175 4370 1308 4443 tabulae
1331 4371 1485 4444 aheneae
1507 4384 1668 4468 repertae
1690 4376 1724 4444 iu
1747 4376 1853 4445 ruinis
1872 4373 1987 4467 templi
2007 4371 2167 4461 Poenini3
2191 4374 2336 4469 denique

420 4502 561 4566 amerus
582 4497 828 4568 Auentinensin
852 4495 1016 4590 quaedam
1039 4497 1193 4592 protulit,
1219 4499 1373 4565 Ηιιιιιιιι
1399 4497 1681 4571 Vindonissensia
1701 4498 1831 4591 aliaque
1849 4497 2021 4593 complura
2035 4520 2236 4594 quamquam
2251 4500 2337 4571 male

508 4874 535 4939 ι)
571 4865 733 4931 Tsohudius
757 4866 911 4931 catholicae
936 4880 1031 4931 sectae
1056 4867 1200 4950 prudens.
1230 4869 1284 4931 sed
1308 4881 1405 4932 tamen
1427 4871 1584 4931 acerrimus
1609 4882 1749 4950 patronus
1774 4873 1872 4933 extitit.
1911 4873 2005 4945 Quam
2029 4892 2114 4952 aegre
2143 4872 2237 4933 taderit
2260 4890 2332 4951 quae

420 4965 519 5015 contra
546 4955 702 5015 monachos
730 4957 760 5015 in
786 4956 930 5017 chronicis
949 4955 1059 5017 dixerat
1078 4956 1235 5039 Stumplius
1259 4959 1346 5019 homo
1371 4962 1447 5021 mitis
1467 4956 1600 5040 quidem,
1630 4957 1761 5019 sednon
1788 4961 1923 5040 ignavus,
1953 4958 2038 5021 docet
2056 4962 2178 5042 epistula
2197 4962 2271 5026 eius,
2302 4960 2330 5017 in

420 5064 476 5125 qua
495 5046 538 5103 sic
556 5053 613 5103 est:
639 5042 700 5103 ‘leh
719 5043 793 5103 habe
811 5044 946 5105 machster
964 5046 1075 5125 Tagen,
1096 5047 1138 5106 als
1157 5049 1213 5107 mir
1229 5050 1327 5108 Musae
1345 5047 1480 5118 worden,
1501 5049 1540 5108 vil
1560 5051 1590 5108 in
1608 5048 1667 5108 Hor
1685 5048 1775 5109 lohan
1794 5049 1946 5132 Stumpien
1966 5070 2086 5110 neuwen
2104 5048 2233 5113 Chromis
2251 5049 2333 5128 gele-

420 5151 488 5201 sen,
518 5133 611 5191 worin
630 5151 675 5202 er,
704 5133 747 5193 als
766 5132 842 5193 mich
866 5132 1009 5204 bedunlrt,
1038 5134 1268 5216 mmothwendig
1285 5137 1325 5196 vil
1343 5139 1420 5217 Ding
1437 5137 1563 5217 geilicht.
1601 5139 1673 5198 Was
1690 5137 1767 5197 Noth
1785 5140 1838 5199 ists
1856 5159 1882 5198 z.
1902 5138 1936 5198 E.
1957 5136 2026 5200 dass
2046 5160 2079 5199 er
2096 5140 2135 5199 vil
2153 5136 2337 5199 Pludermant

421 5220 515 5280 macht
533 5240 591 5280 von
608 5219 766 5289 ιιιιιιιιιιιι,
795 5224 852 5282 wie
874 5225 917 5283 sie
936 5221 983 5283 die
1002 5223 1080 5284 Welt
1105 5223 1259 5304 hetrogen,
1288 5242 1346 5285 von
1365 5223 1432 5286 dem
1451 5226 1590 5289 alhernen
1609 5227 1720 5287 Wesen
1739 5225 1792 5286 der
1810 5226 1907 5287 Bilder
1925 5226 1986 5288 und
2004 5227 2191 5308 dergleicben
2209 5225 2336 5293 Sachen,

420 5307 466 5367 die
485 5311 580 5369 einem
599 5307 741 5369 Historioo
760 5309 839 5370 nicht
856 5311 1019 5389 geb'urlioh,
1049 5310 1179 5371 sondern
1203 5311 1360 5373 ho'chstens
1384 5316 1479 5373 einem
1504 5313 1661 5394 Theologo.
1699 5316 1806 5375 Besser
1823 5326 1915 5384 ware,
1945 5336 1977 5375 er
2003 5316 2079 5376 hatte
2103 5317 2184 5375 seine
2209 5313 2338 5377 Chronilr

420 5395 588 5457 dermessen
614 5396 818 5477 geschrieben.
849 5398 916 5459 dass
946 5399 981 5460 all
1004 5400 1128 5480 Partyen
1153 5402 1204 5460 mit
1226 5399 1401 5479 geduldigen
1421 5401 1521 5462 Ohren
1548 5404 1599 5463 mit
1616 5403 1744 5464 Anmutb
1769 5402 1829 5464 und
1847 5404 2044 5484 llanlrsagung
2068 5403 2115 5464 die
2134 5404 2232 5464 hatten
2256 5404 2337 5463 lesen

419 5489 542 5564 mo'gen'.
