4972 6902
1070 704 1120 779 et
1745 756 1749 773 .
1848 726 2059 778 avennica-n

423 819 447 822 ..-
458 817 676 822 -—-—----—-1—--
688 817 872 822 ———.—-——---
890 818 897 821 -
924 819 927 821 -
946 818 998 822 -—
1014 815 1187 822 --———-—-·-—2
1199 817 1484 824 ---—---—-—.-.—,.
1502 820 1513 824 -
1545 821 1550 823 ,
1588 819 1687 824 ,--,-...
1733 820 1769 824 ....
1822 820 1924 826 ...--..,
1936 820 1941 826 ,
1984 821 1989 826 ,
2016 822 2049 826 -,,

140 911 277 981 quattuor
303 908 404 961 autem
425 899 477 977 qui
504 896 700 959 Helvetiorum
722 911 823 976 agrum
847 894 1009 959 efficiebant
1031 898 1114 977 pagis
1130 896 1303 955 Aventicum
1329 896 1416 955 adum
1439 895 1529 957 luisse
1551 898 1582 965 in
1606 916 1682 977 page
1701 897 1838 978 Tigorino
1861 918 1926 960 crim
1951 898 2060 963 Caesar

137 996 261 1065 indicat,
294 995 352 1056 ubi
377 994 423 1069 (de
447 993 476 1055 b.
503 993 538 1054 G.
565 994 589 1063 l,
616 999 660 1067 tu)
686 995 853 1073 ligerinum
872 1015 979 1076 pagum
997 998 1027 1055 in
1044 992 1169 1052 confinio
1188 991 1382 1052 Helvetiorum
1398 1003 1429 1052 et
1448 991 1648 1074 Sequanorum
1667 995 1753 1056 situm
1771 1014 1838 1059 osse
1856 1014 1917 1057 uon
1934 997 2057 1059 obscure

137 1097 248 1163 innuit,
287 1105 354 1153 mm
384 1104 482 1175 aperte
509 1090 595 1152 docet
624 1093 721 1153 titulus
753 1114 783 1152 n.
813 1102 873 1152 153.
902 1127 938 1137 -
966 1090 1012 1152 Ab
1042 1088 1263 1171 imperatoribus
1293 1089 1530 1150 Aventieensium
1558 1092 1701 1151 civitatem
1727 1092 1858 1153 coloniae
1885 1095 1930 1154 ius
1964 1094 2061 1155 hono-

134 1213 259 1273 remque
280 1193 323 1251 ila
350 1193 536 1272 impetrasse,
567 1201 599 1249 ut
620 1209 679 1249 non
699 1188 735 1249 ad
754 1191 917 1271 exemplum
936 1190 1065 1249 coloniae
1083 1187 1267 1267 Equestrium
1286 1198 1446 1268 separatam
1465 1186 1672 1269 rempublicam
1691 1188 1878 1263 obtineret*),
1904 1190 1956 1251 sed
1975 1202 2061 1273 caput

134 1311 201 1351 esse
221 1290 357 1349 civitatis
375 1288 569 1347 Helvetiorum
587 1288 705 1347 minime
724 1287 871 1348 desineret
889 1298 917 1347 et
935 1287 1064 1367 reliquus
1083 1285 1276 1344 Helvetiorum
1295 1304 1364 1364 ager
1382 1286 1411 1343 in
1431 1304 1521 1366 pagos
1540 1282 1710 1346 distributus
1728 1287 1868 1348 Aventico
1886 1288 2060 1349 attribuere-

133 1402 179 1448 tur
200 1398 298 1453 totus,
333 1383 447 1468 lapides
474 1382 589 1445 abunde
612 1385 739 1456 docent,
769 1389 842 1446 inter
865 1406 938 1467 quos
961 1385 1016 1445 hoc
1039 1384 1102 1444 loco
1126 1402 1185 1442 non
1208 1378 1342 1441 iudicabo
1365 1382 1421 1440 nisi
1445 1401 1534 1442 unum
1560 1403 1589 1442 n.
1617 1393 1681 1453 tea,
1711 1394 1866 1467 propterea
1890 1384 1969 1466 quod
1993 1406 2058 1445 raro

135 1483 273 1565 exemplo
294 1484 430 1543 meminit
448 1492 563 1564 praeter
581 1483 728 1564 publicum
748 1483 943 1544 Helvetiorum
962 1481 1107 1543 decretum
1132 1484 1217 1545 etiam
1236 1483 1414 1546 decretorum
1428 1488 1571 1567 ‘pagatim'
1588 1486 1735 1547 lectorum.
1774 1487 1859 1561 Quod
1886 1489 1923 1550 ad
1946 1500 2061 1572 tempus

135 1584 236 1642 attinet
255 1580 396 1641 coloniae
415 1579 454 1640 ibi
474 1581 630 1649 institutae,
658 1580 819 1640 Romanum
838 1578 940 1662 oppidi
959 1600 1065 1640 nomen
1084 1580 1139 1640 hoc
1157 1584 1290 1642 evenisse
1309 1585 1401 1662 arguit
1420 1581 1474 1643 sub
1493 1583 1597 1644 Flaviis
1616 1585 1838 1666 imperatoribus
1863 1589 1925 1647 sive
1943 1586 2061 1668 Vespa-

138 1684 220 1740 siano
240 1689 332 1760 patre
359 1680 419 1737 sive
438 1678 501 1737 Tito
525 1677 584 1737 filio
608 1679 669 1736 sive
694 1676 820 1758 denique
844 1678 1021 1747 Domitiano;
1051 1677 1159 1759 fuitque
1185 1700 1255 1739 sane
1280 1679 1335 1739 illis
1360 1689 1468 1740 vetusta
1495 1701 1560 1742 cum
1583 1680 1691 1742 Gallica
1715 1682 1769 1742 hac
1791 1685 1903 1744 civitate
1927 1686 2060 1744 necessi-

139 1775 218 1846 tudo,
255 1775 311 1836 ubi
342 1786 372 1835 et
397 1776 577 1858 imperatoris
605 1785 688 1856 pater
715 1774 797 1834 lenus
825 1777 983 1834 exercuerit
1010 1774 1144 1856 diemque
1172 1775 1274 1837 obierit
1307 1776 1397 1850 (Suet.
1427 1777 1517 1859 Vesp.
1552 1784 1579 1851 1)
1607 1790 1635 1839 et
1661 1798 1735 1861 quae
1762 1802 1778 1840 a
1805 1780 1911 1842 Vitellii
1937 1780 2061 1843 ducibus

139 1883 259 1955 propter
278 1872 373 1933 fidem
387 1872 493 1933 Galbae
512 1885 654 1932 servatam
672 1871 798 1933 crudelia
816 1872 903 1932 multa
923 1893 1063 1954 perpessa
1082 1874 1128 1933 sit.
1157 1873 1257 1954 Neque
1275 1877 1339 1933 sine
1358 1895 1443 1935 causa
1462 1896 1498 1936 eo
1514 1882 1579 1950 pice
1592 1885 1739 1937 comtoatie
1757 1881 1929 1958 cognomina
1947 1880 2059 1940 relere-

141 1991 219 2039 mus,
249 1982 283 2031 ut
307 1973 426 2032 tertium
447 1976 575 2031 emeritae
597 1973 722 2052 pertinet
745 1970 845 2051 procul
870 1969 958 2030 dubio
977 1967 1013 2029 ad
1031 1981 1182 2030 veteranos
1201 1992 1236 2030 eo
1255 1970 1403 2031 deductos.
1424 2007 1459 2018 —
1477 1974 1612 2035 Ceterum
1631 1994 1696 2035 cum
1715 1973 1792 2056 apud
1812 1987 1942 2037 auctores
1961 1979 2060 2036 aetatis

142 2070 304 2137 Romanae,
337 2071 364 2129 si
387 2070 535 2151 exceperis
562 2068 688 2150 lapides,
719 2069 806 2130 altum
828 2068 972 2128 silentium
995 2069 1032 2127 sit
1053 2065 1091 2127 de
1115 2067 1227 2128 colonia
1245 2070 1444 2139 Aventicensi,
1475 2073 1548 2130 miro
1567 2091 1635 2131 casu
1654 2071 1781 2133 succedit
1799 2074 1829 2133 in
1848 2075 2059 2135 carumlocum

143 2169 266 2248 scriptor
288 2169 458 2248 quicunque
480 2166 532 2227 luit
556 2167 663 2226 saeculi
689 2168 805 2247 septimi
829 2168 879 2246 qui
904 2166 989 2246 vulgo
1007 2162 1112 2225 dicitur
1128 2163 1318 2244 Fredegarius
1337 2168 1456 2240 (Canisii
1484 2169 1558 2229 lectt.
1584 2180 1642 2229 ant.
1667 2169 1704 2241 ll,
1735 2179 1888 2242 tol—uam
1918 2171 1953 2231 cl.
1978 2171 2059 2231 Pertz

149 2262 254 2324 archiv
270 2262 335 2331 Vll,
357 2273 498 2324 253—258
521 2284 653 2345 quaeque
677 2265 741 2345 ipse
764 2262 822 2324 dixi
849 2265 878 2322 in
897 2262 970 2325 libro
986 2262 1067 2323 ‘iiber
1085 2261 1143 2323 den
1161 2263 1408 2345 Chronographen
1427 2286 1494 2326 vom
1512 2267 1537 2326 J.
1557 2270 1617 2327 ³5t'
1635 2266 1710 2328 Abb.
1732 2267 1784 2328 der
1800 2269 1894 2330 sacha.
1915 2270 1983 2331 Ges.
2004 2270 2056 2330 der

150 2362 241 2419 Wiss.
264 2361 303 2420 ll.
327 2366 406 2435 587),
437 2364 574 2443 quicum
593 2362 761 2441 Hieronymi
783 2360 917 2421 chronica
940 2363 977 2422 ita
1002 2360 1180 2441 interpolarit
1203 2372 1234 2421 ut
1257 2363 1397 2422 insereret
1419 2384 1509 2444 pauca
1534 2363 1727 2426 additamenta
1752 2366 1910 2449 eademque
1934 2372 2053 2450 proprie

159 2458 362 2526 hventicensia,
391 2470 468 2519 reete
487 2479 551 2519 meo
576 2457 682 2519 iudicio
701 2459 815 2520 Hallero
834 2458 917 2532 (Bibl.
939 2458 991 2519 der
1009 2457 1271 2538 Schweizcrgesch.
1291 2457 1330 2528 V,
1351 2464 1379 2533 3)
1398 2460 1524 2521 creditur
1542 2464 1697 2544 scripsisse
1716 2466 1848 2525 Avantici
1868 2465 1913 2525 vel
1932 2479 2008 2526 certe
2028 2470 2058 2526 in

163 2560 322 2617 monasterio
338 2558 436 2638 aliquo
454 2578 514 2618 non
532 2559 618 2637 longe
636 2555 705 2618 inde
723 2568 844 2618 remoto.
875 2556 974 2617 Putavi
992 2578 1052 2617 non
1071 2554 1257 2616 iniucundum
1277 2556 1336 2620 lere
1356 2559 1391 2616 iis
1411 2557 1517 2638 quibus
1535 2558 1606 2619 haec
1624 2560 1801 2631 scribuntur,
1822 2565 1847 2623 si
1866 2560 2058 2624 additamenta

164 2653 205 2712 illa
220 2673 274 2714 nen
291 2656 387 2735 ignota
406 2653 535 2736 quidem¹
557 2653 611 2716 sed
629 2675 702 2736 quae
722 2656 869 2737 plerisque
888 2657 1065 2715 innotuerint
1082 2675 1118 2713 ex
1136 2654 1206 2713 solis
1223 2651 1386 2734 Fredegarii
1406 2656 1654 2738 compilatoribus,
1686 2660 1808 2719 maxime
1827 2660 1971 2729 Freculfo,
2001 2662 2056 2722 hoc

159 2749 214 2809 lece
229 2756 371 2833 repetiero
390 2764 421 2813 ut
438 2751 516 2835 apud
535 2755 703 2834 primarium
722 2764 866 2813 auctorem
885 2753 1027 2830 legimtur.

232 2850 266 2917 ll,
287 2860 326 2911 33
344 2848 380 2910 ad
400 2872 425 2910 a.
446 2849 514 2912 Chr.
535 2860 582 2911 75:
606 2853 820 2925 ‘lleepoetoeerl
841 2853 991 2912 Germanae
1007 2856 1167 2911 rebellantes
1184 2862 1295 2925 aiperm
1313 2862 1337 2910 et
1355 2856 1513 2911 Aventicum
1531 2858 1668 2912 οιίιίιαιοηι
1687 2858 1831 2927 oedtlleori
1846 2864 1995 2930 proecepit.
2032 2866 2054 2917 Α

156 2953 209 3007 lite
225 2954 281 3021 filie
301 2960 463 3023 coopertae
480 2954 605 3023 captetur
624 2961 648 3009 et
664 2955 836 3010 nobilissime
853 2956 882 3008 tn
903 2951 998 3010 Gallie
1017 2953 1158 3023 Cisalpine
1176 2954 1304 3023 effieitar'.

230 3047 267 3117 ll,
295 3057 332 3108 33
355 3045 391 3106 ad
414 3069 439 3107 a.
464 3045 532 3109 Chr.
560 3056 608 3106 82:
633 3049 723 3107 ‘Titio
746 3054 900 3107 eumaeum
925 3049 1047 3109 Golltom
1072 3053 1197 3107 cbeuieit
1222 3058 1246 3105 et
1265 3051 1392 3107 domim
1416 3054 1552 3107 daucum
1569 3068 1651 3124 mom
1666 3061 1747 3121 poter
1764 3056 1903 3124 inceperat
1921 3057 2054 3125 explevit,

150 3147 258 3218 gloriose
277 3166 312 3205 eo
330 3151 403 3220 maed
420 3165 480 3205 cem
498 3149 630 3219 diligebat
648 3152 771 3204 ernootl.
1260 3180 1263 3185 >

230 3243 266 3313 ll,
297 3252 334 3302 tt)
357 3240 395 3301 ad
420 3263 445 3302 a.
471 3242 539 3303 Ghr.
566 3252 620 3302 363
637 3242 830 3323 Hieronymus
855 3244 912 3301 sic:
940 3242 1100 3301 ‘Alamanni
1123 3245 1238 3301 vastatis
1257 3241 1357 3303 Galliis
1376 3245 1405 3301 in
1424 3242 1529 3303 ltaliam
1548 3246 1704 3303 transiere'.
1743 3245 1945 3327 Fredegarius:
1974 3252 2052 3308 ‘Alo-

146 3347 232 3400 memii
263 3352 404 3400 caelatum
427 3344 584 3400 demulceam
617 3353 810 3413 pervenerunt,
837 3343 1032 3398 inoestimabili
1057 3351 1211 3399 nocumento
1236 3345 1385 3412 plurimam
1416 3355 1523 3415 partem
1552 3343 1708 3402 Gallionem
1739 3356 1912 3404 vastaverunt
1937 3353 2052 3422 indeque

145 3444 172 3495 ie
188 3442 306 3499 ltaliam
322 3444 505 3498 taceamne.
544 3439 586 3500 cl.
613 3442 708 3498 Amm.
734 3441 820 3499 Marc.
846 3436 915 3503 XV,
943 3448 990 3505 ¹1,
1018 3447 1066 3496 ¹2:
1094 3436 1192 3518 ‘Alpes
1218 3435 1319 3497 Graiae
1344 3448 1372 3497 et
1389 3437 1533 3498 Poeninae
1559 3441 1687 3520 exceptis
1712 3440 1928 3504 obscurioribus
1947 3444 2054 3505 habent

148 3545 172 3594 et
193 3537 383 3601 Aventicum.
413 3535 556 3596 desertam
587 3534 703 3616 quidem
737 3537 890 3603 civitatem,
921 3532 973 3594 sed
1004 3553 1063 3594 non
1094 3533 1249 3613 ignobilem
1279 3534 1436 3617 quondam,
1466 3547 1497 3595 ut
1520 3535 1648 3597 aedilicia
1671 3540 1807 3599 semiruta
1831 3560 1908 3600 nuno
1937 3562 2052 3623 quoque

145 3631 359 3694 demonstrant.

145 3731 220 3802 Quae
248 3734 281 3791 in
309 3732 476 3791 universum
504 3750 571 3790 vera
599 3751 665 3790 essa
690 3732 743 3791 etsi
772 3751 831 3789 non
860 3728 972 3798 dubito,
1004 3740 1097 3790 tamen
1125 3750 1185 3790 non
1214 3750 1249 3789 ex
1278 3740 1393 3789 auctore
1422 3731 1552 3810 antiquo,
1586 3730 1638 3790 sed
1667 3752 1702 3790 ex
1731 3732 1887 3794 incolarum
1915 3739 2052 3796 memoria

146 3841 261 3911 excepta
282 3828 353 3888 mihi
371 3827 518 3897 videntur,
539 3838 571 3888 ut
588 3848 647 3888 non
665 3830 785 3889 multum
804 3827 889 3888 tribui
905 3828 993 3887 velim
1012 3828 1048 3886 iis
1066 3848 1140 3908 quae
1156 3837 1307 3888 narrantur
1318 3826 1366 3887 hic
1379 3826 1416 3886 de
1428 3829 1554 3887 victoriis
1567 3827 1776 3910 itineribusque
1788 3831 2002 3911 imperatorum.
2016 3868 2053 3877 -

144 3926 187 3986 Ad
205 3939 339 3987 nostram
356 3946 418 3986 rem
431 3924 510 4007 quod
528 3928 644 3995 attinet,
674 3937 830 4007 potuerunt
854 3924 972 4012 quidem
989 3924 1183 3985 Helvetiorum
1201 3923 1313 4005 lapides
1331 3944 1432 3984 omnes
1451 3924 1506 3984 hoc
1524 3927 1617 4006 capite
1635 3928 1784 4006 coniungi;
1813 3926 1866 3988 sed
1884 3930 1988 3989 melius
2006 3933 2053 3989 vi—

142 4044 202 4085 sum
214 4036 261 4085 est
274 4025 404 4084 vicorum
416 4035 602 4084 monumenta
614 4044 630 4083 a
644 4023 773 4084 coloniae
789 4023 877 4084 titulis
894 4025 932 4083 ita
949 4042 1100 4103 separare,
1121 4032 1152 4081 ut
1170 4021 1216 4081 hic
1233 4041 1293 4081 non
1313 4020 1501 4083 exhibeantur
1519 4024 1575 4083 nisi
1593 4023 1802 4083 Aventicenses
1821 4027 1944 4106 proprii,
1966 4026 2052 4086 addi-

144 4125 177 4182 tis
199 4125 235 4184 iis
261 4123 313 4203 qui
337 4123 443 4202 reperti
462 4132 529 4181 eunt
548 4123 577 4180 in
600 4124 664 4181 vico
686 4141 746 4181 non
765 4122 885 4180 multum
904 4118 971 4179 inde
989 4130 1099 4179 remoto
1118 4119 1250 4179 Gressier
1268 4129 1296 4177 et
1318 4117 1354 4178 ad
1374 4118 1483 4179 Portam
1502 4119 1663 4188 Pertusam,
1692 4121 1742 4181 ubi
1767 4131 1878 4182 constat
1899 4126 2052 4184 terminum

142 4219 207 4279 olim
225 4220 320 4279 hrisse
338 4221 413 4278 inter
430 4219 571 4278 territoria
590 4218 780 4278 Rauricorum
798 4229 826 4277 et
843 4217 1046 4277 Helvetiorum.
1077 4217 1209 4277 Ceterum
1228 4216 1336 4297 aliquot
1354 4218 1438 4276 annis
1457 4215 1562 4277 abhinc
1575 4218 1783 4278 Aventicenses
1802 4220 1912 4299 optimo
1931 4222 2052 4281 consilio

142 4335 224 4376 suum
250 4314 309 4376 sibi
333 4334 465 4375 museum
491 4317 689 4383 instituerunt,
719 4316 748 4373 in
774 4334 832 4395 qno
857 4325 886 4373 et
910 4324 1039 4373 servatur
1064 4315 1119 4372 iam
1143 4333 1202 4372 non
1227 4316 1348 4392 exiguus
1373 4310 1501 4395 lapidum
1525 4316 1697 4395 scriptorum
1722 4334 1860 4376 numerus
1879 4328 1907 4376 et
1925 4317 2053 4398 quotidie

142 4425 272 4493 augetur.
310 4411 563 4472 innumerabilium
587 4411 772 4471 frustulorum
796 4430 870 4491 quae
894 4409 934 4470 ibi
959 4420 1055 4469 extant
1079 4430 1132 4489 ego
1158 4429 1331 4491 quamquam
1354 4429 1460 4491 pauca,
1491 4421 1585 4470 tamen
1604 4411 1686 4492 plura
1705 4411 1826 4473 sortasse
1851 4413 1940 4493 selegi
1965 4435 2051 4496 quam

143 4531 194 4591 par
218 4520 297 4579 erat;
327 4509 397 4569 haec
422 4510 500 4569 enim
524 4507 711 4569 custodienda
737 4507 853 4589 quidem
879 4518 960 4577 sunt,
989 4509 1013 4567 si
1038 4508 1110 4567 iorte
1128 4506 1283 4589 aliquando
1301 4518 1448 4591 emergant
1466 4509 1621 4589 particulae
1640 4529 1712 4590 quas
1731 4508 1817 4570 hodie
1835 4508 2049 4582 desideramus,

142 4606 192 4667 sed
218 4606 298 4668 edita
322 4606 425 4667 frustra
449 4607 585 4666 lectorem
608 4616 797 4665 morarentur.
834 4604 879 4664 Ex
903 4602 1048 4686 lapidibus
1072 4616 1137 4665 ante
1160 4624 1293 4665 museum
1317 4607 1501 4665 constitutum
1525 4608 1648 4688 repertis
1673 4627 1740 4687 pars
1763 4610 1895 4686 migravit
1913 4607 1949 4668 ad
1967 4613 2052 4671 castri

141 4706 301 4787 propinqui
319 4702 499 4781 Villarisive
517 4702 731 4764 Mitnohweileri
751 4700 899 4767 dominos.
921 4702 1008 4782 aliqui
1028 4700 1227 4763 custodiuntur
1246 4704 1275 4761 in
1293 4722 1394 4762 museo
1413 4704 1458 4761 vel
1478 4703 1540 4763 aliis
1559 4704 1644 4771 locis,
1666 4705 1799 4786 plerique
1818 4707 1994 4767 interierunt.

144 4926 498 4935 -—..—---—-—--—--.

230 5088 253 5149 ⁸)
291 5083 336 5134 Sic
355 5090 444 5135 tamen
463 5090 604 5135 excusatur
624 5085 958 5150 aliquatenns‘l‘tolemaei
978 5098 1068 5143 error,
1089 5084 1134 5146 qui
1153 5082 1191 5141 11,
1212 5082 1244 5141 a,
1265 5079 1299 5131 20
1322 5084 1349 5132 in
1373 5082 1505 5134 Helvetiis
1529 5091 1654 5136 recenset
1673 5085 1846 5136 Ganodnrum
1873 5086 1929 5147 (vel
1960 5088 2049 5148 potius

140 5171 318 5232 Salodurum,
338 5178 368 5222 ut
380 5185 455 5223 cauo
473 5175 570 5224 abierit
588 5177 616 5225 in
635 5174 721 5237 rano)
741 5179 769 5225 et
786 5175 875 5224 lorum
896 5162 1015 5232 Tiberii,
1041 5169 1072 5221 21
1090 5172 1118 5220 in
1135 5170 1265 5235 Sequania
1278 5171 1433 5231 Dittalinm,
1454 5172 1662 5229 Vesontionem,
1683 5173 1857 5238 liquentem,
1878 5174 2048 5226 Aventicum.

138 5259 251 5312 Scilicet
269 5262 388 5313 coloniae
406 5263 503 5326 quibus
522 5263 674 5313 civitatibus
694 5264 855 5314 attribuerat
872 5276 926 5314 non
946 5262 1059 5312 multum
1079 5262 1210 5310 interesse
1229 5260 1398 5310 existimavit.
