4972 6902
1137 728 1176 779 tx

201 919 239 982 et
260 908 390 1006 lapides
413 906 546 978 indicati
568 922 637 976 non
660 904 838 999 descripti,
873 913 908 975 et
935 905 1019 976 tituli
1048 925 1137 976 nunc
1160 908 1193 976 in
1215 905 1374 978 Helvetia
1396 915 1555 980 extantes
1587 909 1725 998 originis
1749 917 1936 997 externae,
1971 917 2007 981 et
2032 909 2118 980 tituli

200 1036 340 1106 externi
370 1032 457 1103 male
482 1034 571 1102 inter
598 1029 797 1100 Helveticos
826 1051 845 1099 a
872 1027 1068 1121 quibusdam
1092 1028 1283 1101 auctoribus
1306 1031 1423 1120 relati,
1455 1041 1490 1103 et
1511 1031 1611 1105 medii
1637 1035 1717 1103 aevi
1740 1035 1922 1105 Gurienses
1945 1040 2037 1121 tres,
2073 1032 2116 1103 de

199 1158 321 1255 quibus
344 1178 446 1253 supra
469 1153 592 1225 dictum
616 1163 680 1225 est.
728 1152 893 1224 Extremo
915 1153 994 1224 loco
1025 1153 1235 1226 collocantur
1264 1158 1501 1250 inscriptiones
1532 1156 1639 1229 falsae
1672 1166 1706 1229 et
1739 1165 1940 1252 suspectae,
1976 1178 2116 1249 quarum

203 1281 292 1353 ordo
316 1284 524 1353 sincerarum
547 1277 698 1350 ordinem
720 1280 877 1348 imitatur.
906 1318 944 1329 -
972 1277 1166 1370 Sequuntm
1187 1278 1317 1351 indices
1341 1278 1382 1349 de
1406 1279 1524 1373 quibm
1548 1302 1634 1374 quae
1657 1280 1825 1353 monenda
1848 1290 1944 1370 sunt,
1967 1284 2003 1352 in
2026 1301 2116 1352 con-

206 1415 328 1501 spectu
348 1407 427 1500 ipsis
458 1401 619 1473 indicibus
649 1398 803 1496 praefixo
839 1401 1042 1495 explicatum
1072 1410 1136 1472 est.
1176 1443 1214 1454 —
1250 1402 1446 1498 Mapparum
1475 1403 1614 1475 duarum
1642 1427 1726 1498 quas
1759 1404 1867 1476 addidi
1896 1406 2002 1477 altera
2032 1406 2119 1476 sistit

209 1531 325 1618 locos,
347 1533 380 1599 in
403 1526 521 1622 quibus
544 1525 627 1597 tituli
649 1524 756 1596 Latini
777 1527 905 1618 reperti
928 1534 1007 1597 sunt
1028 1528 1183 1620 exceptis
1206 1528 1330 1618 tegulis
1354 1537 1544 1599 castrorum
1567 1528 1901 1617 Vindonissensium,
1926 1530 2032 1601 altera
2054 1528 2117 1601 has

211 1659 300 1750 ipsas
321 1657 485 1725 stationes
507 1649 816 1737 Vindonissenses3
849 1648 967 1742 quibus
999 1647 1119 1721 tabulis
1149 1659 1184 1721 et
1215 1650 1403 1723 Helveticis
1433 1652 1621 1724 hominibus
1652 1655 1819 1746 antiquum
1843 1655 1971 1745 patriae
1995 1661 2118 1725 statum

206 1777 449 1872 quodammodo
479 1775 557 1846 mihi
585 1775 705 1846 videor
733 1782 1017 1869 repraesentasse
1045 1784 1080 1845 et
1102 1777 1231 1847 exteris
1255 1797 1324 1847 non
1348 1776 1573 1870 spernendum
1598 1777 1822 1849 adiumentum
1845 1776 2117 1872 suppeditavisse

202 1907 237 1973 in
260 1903 361 1974 titulis
384 1901 428 1973 ad
450 1903 531 1973 artis
554 1909 694 1971 nostrae
717 1900 816 1990 leges
840 1898 1059 1993 explicandis.

292 2029 331 2100 ln
355 2027 496 2117 singulis
520 2025 619 2096 titulis
642 2023 825 2094 tractandis
855 2044 938 2117 quas
967 2023 1064 2114 leges
1095 2033 1234 2095 secutus
1258 2029 1337 2113 sim,
1373 2048 1455 2098 usus
1483 2026 1582 2098 facile
1610 2027 1761 2098 lectores
1791 2026 1935 2099 docebit.
1985 2025 2117 2097 Titulos

204 2160 249 2226 ita
272 2154 436 2249 proposui
457 2158 612 2243 utquam
636 2152 792 2242 proxime
825 2152 895 2243 typi
925 2147 1098 2219 admittunt
1124 2148 1253 2241 lapides
1282 2152 1451 2236 imitarer3
1486 2172 1665 2245 nexusque
1688 2160 1724 2222 ιιι
1745 2154 1973 2222 retinerentur
1996 2148 2115 2221 sedulo

204 2280 343 2365 curavi,
366 2274 534 2346 interdurn
553 2282 648 2345 textu
677 2276 711 2342 in
734 2275 886 2364 margine
910 2271 1021 2343 denuo
1045 2272 1194 2346 exhibito
1217 2275 1337 2346 litteris
1360 2276 1572 2364 minusculis,
1597 2275 1651 2346 ubi
1674 2277 1918 2348 elementorum
1940 2275 2118 2365 ligatorum

210 2399 415 2472 abundantia
443 2398 616 2469 lectionem
639 2395 827 2491 impediret.
876 2396 968 2482 Quas
991 2399 1194 2476 minusculas
1221 2400 1349 2471 litteras
1377 2403 1440 2494 ipsi
1469 2401 1562 2471 titudo
1592 2399 1826 2494 deprehendes
1856 2403 2022 2486 insertas,
2055 2418 2115 2467 eas

213 2535 272 2596 aut
302 2547 348 2595 ex
381 2524 607 2617 supplemento
631 2532 688 2593 aut
711 2545 757 2593 ex
782 2525 977 2593 coniectura
1001 2525 1086 2595 scito
1108 2522 1296 2617 proficisci3
1332 2546 1379 2594 ex
1402 2527 1616 2596 correctione
1639 2523 1695 2594 ubi
1717 2526 1887 2612 oriuntur,
1924 2544 2060 2617 semper
2083 2530 2118 2593 ut

210 2672 272 2744 par
294 2658 347 2721 est
370 2647 517 2718 traditam
539 2648 721 2719 lectionem
744 2649 898 2741 reperies
921 2650 954 2717 in
978 2647 1205 2719 adnotatione.
1254 2647 1446 2719 Maiuscnlis
1470 2648 1635 2719 inclinatis
1659 2646 1735 2740 quid
1760 2645 1980 2738 significetur,
2004 2646 2114 2718 ubivis

206 2778 239 2844 in
255 2772 470 2844 adnotatione
491 2773 696 2867 explicatum
728 2772 924 2866 pierumque
946 2774 992 2843 ita
1015 2770 1150 2845 distinxi
1172 2771 1288 2867 lapidis
1311 2775 1501 2867 superstitis
1525 2781 1655 2867 partem
1678 2772 1755 2842 olim
1782 2771 1983 2865 descriptam
2014 2770 2114 2841 hodie

204 2896 422 2992 deperditam.
470 2895 665 2969 lllainsculis
689 2896 824 2990 scalpro
848 2895 977 2968 adrasis
1001 2895 1130 2967 dubiam
1153 2895 1334 2968 lecti0nem
1362 2895 1544 2986 significari
1572 2917 1672 2967 nemo
1703 2899 1830 2984 nescit,
1863 2896 2005 2987 virgulis
2034 2896 2114 2966 ele·

202 3024 371 3094 mentisve
393 3019 450 3091 uhi
473 3030 631 3115 punctum
655 3022 861 3115 suppositum
884 3018 984 3092 vides
1004 3029 1041 3090 ιιι
1058 3041 1091 3090 e.
1115 3042 1146 3089 c.
1170 3041 1204 3090 n.
1225 3020 1283 3110 14,
1309 3021 1464 3093 consulto
1486 3021 1631 3092 litteram
1654 3043 1729 3091 eam
1753 3030 1809 3091 aut
1830 3021 1936 3115 plane·
1954 3036 2114 3114 expunc-

203 3157 270 3218 tam
294 3154 350 3217 aut
373 3155 469 3216 certe
493 3145 620 3219 laesam
645 3166 725 3215 esse
749 3154 876 3215 teneto.
915 3143 1034 3217 Titulis
1050 3166 1136 3237 quae
1153 3144 1283 3215 adiecta
1300 3148 1426 3217 suntin
1442 3147 1614 3236 margine,
1633 3148 1710 3215 anni
1725 3149 1926 3239 praesertim
1943 3145 2117 3216 consulum

205 3275 515 3365 imperatorumve,
549 3269 775 3363 explicatione
798 3290 867 3339 non
890 3267 1052 3359 indigent.
1101 3268 1211 3363 Supra
1234 3270 1360 3340 titulum
1383 3273 1491 3364 ipsum
1521 3269 1643 3360 legitur
1666 3269 1720 3372 ubi
1742 3280 1900 3363 repertus
1925 3279 1979 3341 est
2000 3270 2115 3355 locus3

208 3392 294 3465 inira
321 3393 524 3464 exhibentur
556 3396 774 3464 auctoritates
807 3401 842 3463 et
870 3395 900 3465 si
928 3414 992 3486 qua
1018 3392 1164 3464 notanda
1187 3403 1262 3464 erat
1282 3393 1383 3465 lectio
1406 3397 1514 3465 varia.
1562 3394 1598 3465 ln
1623 3393 1814 3466 auctoribus
1837 3393 2059 3466 recensendis
2088 3396 2117 3464 si

207 3541 270 3607 qua
293 3540 360 3590 non
384 3520 494 3588 statim
517 3518 772 3608 intelleguntur,
798 3525 972 3587 auctorum
995 3516 1158 3588 elenchus
1180 3516 1381 3611 praefationi
1403 3517 1576 3589 subiectus
1595 3517 1821 3589 considendus
1843 3528 1908 3589 est.
1945 3520 2118 3589 Auctores

205 3645 259 3736 qui
286 3643 415 3713 titulum
446 3664 492 3712 ex
521 3641 604 3713 libro
637 3641 727 3713 edito
758 3645 992 3736 repetiverunt
1020 3641 1217 3736 plerumque
1247 3644 1380 3714 silentio
1410 3646 1623 3737 praetermisi
1655 3646 1809 3737 exceptis
1833 3652 1945 3715 tanmn
1974 3644 2117 3738 syllogis

202 3766 403 3855 maioribus,
436 3789 519 3860 quas
548 3788 684 3860 semper
714 3768 828 3838 citavi.
877 3765 1044 3851 Quantum
1071 3764 1144 3836 lieri
1166 3769 1289 3860 potuit,
1320 3769 1544 3859 investigavi,
1575 3766 1663 3838 unde
1687 3771 1827 3861 quisque
1851 3777 1969 3839 auctor
1991 3768 2118 3839 titulum

83 3956 86 3959 .
203 3895 405 3987 sumpserim
437 3890 492 3962 ubi
514 3891 597 3963 vidit
619 3891 783 3985 lapident,
807 3892 1004 3986 plerumque
1026 3890 1171 3963 indicavi
1194 3890 1304 3962 addita
1326 3901 1407 3963 nota
1430 3895 1512 3984 put)
1540 3895 1662 3983 endu).
1710 3892 1766 3964 Ad
1787 3897 1917 3965 variam
1940 3894 2119 3967 lectionem

207 4017 295 4109 quod
310 4020 443 4105 attinet,
466 4017 663 4111 plerumque
679 4019 777 4088 omisi
792 4025 912 4103 totam,
938 4038 1012 4087 com
1028 4019 1101 4110 ipse
1120 4016 1263 4111 lapidem
1283 4021 1531 4105 examinaram3
1550 4017 1638 4112 quod
1652 4040 1696 4089 ne
1714 4021 1787 4113 quis
1802 4018 1979 4114 superbius
1994 4019 2119 4093 iactum

203 4141 390 4229 insimulet,
424 4143 612 4211 meminerit
635 4124 834 4235 plerumque
858 4140 1017 4234 exempla
1041 4139 1129 4211 edita
1154 4141 1339 4213 contulisse
1362 4163 1416 4211 me
1442 4164 1517 4213 cum
1540 4144 1621 4236 ipsis
1645 4142 1825 4236 lapidibus,
1857 4154 1892 4216 ιιι
1914 4144 1968 4216 ubi
1992 4144 2119 4219 abillis

203 4264 441 4354 discesserim,
466 4286 536 4336 non
560 4267 634 4336 sine
651 4286 755 4336 causa
774 4264 899 4336 factum
917 4285 998 4335 esse
1015 4263 1182 4335 videatur.
1220 4265 1346 4335 Contra
1363 4286 1447 4358 quos
1463 4266 1576 4337 titulos
1592 4288 1660 4337 non
1675 4267 1761 4356 vidi,
1778 4270 1818 4339 ils
1835 4273 1975 4363 apposui
1990 4273 2119 4341 variam

204 4388 384 4459 lectionem
403 4390 589 4479 integram3
606 4392 774 4479 integram
790 4396 901 4458 autem
918 4387 993 4458 dico
1009 4408 1078 4458 non
1094 4409 1189 4475 eam,
1208 4410 1293 4482 quae
1310 4410 1429 4463 omnes
1446 4395 1591 4462 omnium
1607 4406 1746 4466 errores
1761 4392 1937 4482 exhibeat,
1956 4393 2017 4465 sed
2032 4414 2119 4487 quae

203 4512 362 4606 exempla
385 4521 420 4582 et
441 4514 595 4607 primaria
619 4521 654 4582 et
677 4533 718 4582 ea
743 4510 944 4582 secundaria
968 4532 1108 4604 qnorum
1131 4515 1288 4606 primaria
1310 4514 1415 4584 latent
1437 4514 1495 4586 vel
1518 4518 1732 4607 interierunt,
1765 4527 1924 4589 accurate
1946 4517 2115 4590 exhibeat.

206 4635 350 4706 Omnino
374 4644 477 4706 totam
500 4635 588 4706 hanc
606 4657 678 4705 rem
702 4639 747 4706 ita
769 4639 931 4724 tractavi,
963 4645 999 4706 ιιι
1021 4644 1168 4706 tractare
1193 4638 1305 4708 solent
1335 4637 1476 4711 codices
1506 4640 1685 4733 philologi;
1721 4663 1860 4734 quorum
1892 4663 1991 4713 nemo
2015 4652 2118 4714 auto-

203 4759 336 4854 grapho
359 4769 498 4855 reperto
521 4761 680 4854 exempla
704 4767 820 4847 curat,
845 4781 946 4831 nemo
970 4759 1157 4854 archetypo
1182 4764 1306 4833 amisso
1322 4763 1519 4855 antigrapha
1535 4768 1677 4859 spernit.
1713 4766 1953 4860 Exemplorum
1976 4769 2064 4838 inter
2080 4789 2119 4838 se

204 4887 477 4955 coniunctionem
493 4886 613 4972 etiam,
638 4882 693 4954 ubi
708 4904 856 4954 necesse
873 4890 965 4970 erat,
990 4881 1189 4976 exploravi;
1214 4886 1349 4955 multum
1373 4889 1460 4956 enim
1475 4889 1618 4960 interest
1633 4892 1665 4959 in
1681 4890 1774 4960 titulo
1790 4889 1985 4985 deperdito,
2009 4900 2117 4961 utrum

203 5007 247 5078 ab
272 5007 392 5079 eodem
416 5008 573 5101 exemplo
600 5009 729 5101 reliqua
752 5007 922 5101 pendeant
945 5010 1074 5099 omnia,
1099 5029 1142 5076 an
1166 5010 1301 5100 saepius
1324 5008 1407 5102 lapis
1432 5008 1620 5104 descriptus
1644 5014 1698 5082 sit.

293 5132 388 5203 llaec
411 5131 528 5221 habui,
553 5153 639 5227 quae
664 5132 705 5202 de
733 5131 829 5203 huius
862 5132 1018 5227 syllogae
1049 5128 1179 5221 legibus
1209 5152 1395 5215 monerem.
1432 5133 1499 5205 larn
1519 5143 1674 5228 tanquam
1698 5139 1837 5207 exeunti
1857 5137 1946 5208 ludio
1963 5136 2027 5208 duo
2042 5137 2120 5208 milri

205 5264 354 5344 restant,
379 5264 415 5328 ιιι
437 5259 564 5347 gratias
588 5277 685 5346 agam
709 5258 769 5343 iis,
794 5276 933 5348 quorum
958 5276 1063 5349 opera
1086 5254 1210 5325 lactum
1227 5262 1281 5328 est
1297 5266 1333 5327 ut
1349 5256 1433 5335 liber
1456 5258 1597 5352 prodeat
1611 5261 1719 5330 minus
1734 5260 1974 5354 imperfectus,
1999 5258 2119 5331 deinde

203 5388 242 5450 ιιι
274 5382 421 5450 nuntiem
453 5379 496 5450 de
528 5401 642 5475 opere,
671 5379 908 5450 continuando.
957 5380 1012 5449 Ad
1041 5380 1128 5451 illam
1160 5400 1233 5448 rem
1263 5381 1352 5473 quod
1375 5386 1510 5472 attinet,
1547 5406 1644 5477 quam
1679 5385 1778 5456 multa
1813 5385 1922 5457 mulus
1957 5384 2117 5473 debeam,

205 5506 349 5595 quaevis
372 5503 445 5575 libri
468 5507 591 5599 pagina
614 5512 796 5590 monstrat,
821 5505 966 5573 maxime
990 5512 1100 5574 autem
1118 5502 1159 5573 de
1178 5525 1222 5574 eo
1238 5516 1436 5577 meruerunt
1458 5514 1528 5578 tres
1552 5509 1616 5577 viri
1641 5507 1823 5601 Troyonus
1847 5508 2117 5599 lausannensis,
