4922 6912
399 739 534 790 rassae
1328 716 1392 789 116

416 915 450 967 32
468 918 594 971 medaille
623 917 736 969 neusse
763 931 778 967 a
805 918 948 969 Proiaieon
972 921 1050 968 entre
1076 916 1114 967 St
1136 917 1280 968 Leonlrard
1307 923 1335 969 et
1388 917 1423 969 st
1442 933 1543 972 cavean
1560 920 1593 971 de
1608 920 1718 978 thuille,
1738 916 1944 970 nouvellement
1959 916 2068 970 nonve.
2088 932 2221 971 areeune
2237 922 2309 986 pisce

468 1007 569 1058 Sierre.
891 1060 895 1065 ,
1442 1009 1500 1059 d·or
1518 1009 1552 1060 de
1571 1008 1680 1061 Claude.

1414 1118 1439 1181 t.
1466 1108 1554 1179 clud.
1579 1129 1703 1181 eocsar
1723 1113 1729 1192 Ι
1748 1106 1960 1198 augusteltli

620 1182 686 1224 dm
697 1186 767 1235 part:
1058 1179 1085 1222 dc
1099 1180 1190 1223 i'atstrt:

1371 1239 1405 1289 de
1422 1238 1510 1301 Leges
1528 1251 1555 1301 p.
1577 1234 1644 1295 1⁷0,
1664 1237 1722 1300 ipse
1741 1236 1775 1287 da
1794 1240 1869 1286 tanto
1888 1235 2013 1299 prodigio
2032 1236 2173 1286 dubitans.

441 1314 558 1395 gratus
579 1307 584 1393 Ι
604 1306 754 1377 triumuir
774 1309 779 1391 Ι
800 1302 919 1376 sedani
1098 1305 1144 1375 vii
1437 1394 1439 1397 Ι

1390 1396 1425 1448 st
1444 1400 1536 1464 pierre
1554 1400 1654 1463 marce
1672 1412 1726 1449 rue
1744 1398 1759 1449 i
1778 1398 1906 1449 noudon.

399 1524 431 1574 de
449 1524 532 1574 Rivaz
551 1536 601 1573 ms.
619 1521 697 1586 (inde
714 1522 782 1572 ilion
801 1520 878 1572 corr.
897 1521 945 1570 der
964 1534 987 1570 a.
1007 1520 1039 1571 G.
1057 1519 1094 1578 V,
1114 1517 1191 1584 2³2).
1482 1503 1577 1557 ΝΑΦΕ
1596 1531 1628 1540 -
1648 1532 1681 1543 -
1700 1502 1814 1556 MP!
1834 1501 1947 1555 ΤΑΥΤΑ
1966 1501 2041 1555 HN
2056 1502 2218 1555 ΦΡΕΝΑΝ

1371 1613 1476 1664 linchat
1494 1613 1556 1663 hist.
1574 1625 1624 1662 ms.
1642 1608 1757 1671 1‚1,62
1775 1611 1947 1661 notissimum
1967 1610 2137 1661 versiculum
2160 1624 2273 1662 errore
2293 1613 2343 1662 ali-

1371 1715 1425 1766 quo
1439 1701 1528 1765 potius
1541 1714 1622 1766 quarn
1638 1700 1733 1751 fraude
1745 1699 1832 1751 refert
1845 1704 1981 1764 tamquam
1993 1714 2026 1750 ex
2039 1713 2153 1764 gemma
2171 1705 2345 1764 exceptum.

1167 2030 1226 2101 ΧΙ.
1274 2030 1540 2103 EXTERNAE.

413 2192 446 2244 st
465 2200 605 2259 protomae
624 2208 794 2246 marmoreae
813 2196 850 2247 Μ.
866 2195 950 2247 Medii
969 2197 1095 2258 Asiatici,
1117 2210 1186 2261 qnae
1202 2196 1332 2261 Smyrnae
1351 2201 1460 2261 reperta
1478 2196 1560 2247 hodia
1577 2201 1682 2260 prostat
1700 2196 1811 2246 Parisiis
1830 2197 1859 2245 in
1877 2195 2053 2255 bibliotheca,
2075 2196 2249 2258 exemplum
2270 2198 2341 2246 alte-

465 2282 527 2336 rum
545 2291 636 2337 serrat
653 2285 774 2337 Basileae
792 2287 955 2337 bibliotheca
974 2287 1097 2350 publica,
1124 2288 1153 2337 in
1177 2300 1228 2350 qua
1254 2291 1358 2337 constat
1376 2287 1496 2337 extitisse
1514 2287 1568 2335 iam
1587 2299 1658 2335 anno
1678 2283 1762 2344 1⁷85,
1788 2299 1877 2349 neque
1899 2290 1990 2335 umen
2008 2284 2081 2334 unde
2100 2285 2127 2334 ei
2150 2285 2271 2335 illatum
2301 2287 2336 2334 sit

465 2374 588 2425 traditur.
624 2375 767 2439 inscriptio
785 2376 826 2426 sio
843 2376 943 2439 iegitur
962 2376 990 2426 in
1009 2377 1133 2441 exemplo
1152 2376 1313 2427 Basileensi:

438 2567 792 2625 sinoarocacrarrroc
814 2571 820 2638 ι
846 2567 1181 2626 rsrmcnneoarnos
1204 2572 1209 2636 ι
1234 2516 1990 2624 runmnuoo'n‘orasrsrrrtunmsrsusrsrss
2027 2571 2031 2637 ι
2070 2516 2329 2623 ιιοΛΛῘΞΜεΝ-

437 2642 797 2748 ΒΣΘΛΑΠΑΘΩτῗὸιἙΣι
813 2694 941 2749 nonna
955 2694 960 2762 1
976 2693 1137 2747 Annuus

394 2839 576 2904 Archetypum
596 2841 638 2890 ed.
656 2840 766 2891 Boeclh
784 2839 813 2891 C.
831 2841 853 2890 Ι.
876 2839 910 2891 G.
937 2837 1023 2898 3283,
1053 2854 1133 2904 quem
1153 2839 1230 2898 vide;
1261 2840 1454 2903 artigraphum
1475 2838 1507 2889 G.
1530 2840 1644 2890 Vischer
1662 2838 1744 2902 (iiber
1767 2839 1857 2902 einige
1876 2836 2004 2902 Gegsnst.
2024 2853 2049 2901 p.
2069 2835 2084 2887 3
2104 2838 2162 2902 sq.)
2190 2843 2219 2887 et
2238 2837 2320 2888 edidit

394 2934 421 2979 et
439 2928 637 2979 condemnavit

2180 3071 2256 3078 -η-

411 3159 444 3210 36
463 3161 553 3211 tabula
571 3160 668 3224 lapidis
687 3161 780 3210 schini
799 3161 957 3225 nigricantis
980 3161 1202 3228 (Thonscirieier)
1225 3162 1374 3225 fastigiata,
1401 3175 1469 3225 quae
1488 3166 1596 3225 reperta
1615 3160 1714 3210 dicitur
1732 3160 1836 3211 Romae
1859 3161 1887 3211 in
1913 3161 2013 3210 montis
2037 3159 2156 3210 Palatini
2181 3159 2313 3209 radicibus

463 3249 573 3300 Circum
592 3262 701 3309 versus;
724 3249 795 3299 unde
814 3251 863 3299 sibi
883 3255 1002 3314 emptam
1020 3251 1129 3302 lloruer
1148 3255 1236 3316 pictor
1254 3252 1416 3303 Basiieensis
1435 3251 1546 3301 domum
1564 3250 1666 3299 retulit.
1703 3248 1790 3299 Hodie
1812 3254 1884 3299 extat
1901 3250 1930 3298 in
1948 3262 2043 3299 museo
2063 3250 2225 3299 Basileensi.

1114 3393 1570 3458 quamnim-citau-

1113 3498 1570 3553 riantur-tnrunsrvs-

1112 3607 1284 3659 IVNONE
1305 3631 1312 3645 ·
1334 3606 1569 3657 sstsrtrnt

1189 3712 1485 3765 MATlleEGlNAE

393 3852 548 3904 Examinavi
567 3856 638 3917 ipsa,
668 3861 810 3920 postquam
830 3856 1011 3919 descripserat
1030 3856 1097 3906 milri
1115 3855 1143 3904 F.
1164 3857 1268 3907 liitsolrl
1287 3859 1512 3919 expresseratque
1531 3867 1591 3904 moa
1609 3868 1690 3903 causa
1708 3854 1830 3917 Thespii.
1849 3854 2032 3913 Burclslrardt,
2065 3855 2194 3918 edidique
2214 3857 2304 3918 pictam

393 3955 454 3991 cum
484 3943 679 3993 commentario
706 3944 734 3993 in
759 3945 844 3994 musei
870 3945 992 3994 Rhenani
1022 3945 1162 3994 novissimi
1188 3945 1241 3994 rol.
1268 3945 1292 3995 X
1314 3959 1339 4008 p.
1366 3942 1521 4000 sto-ton
1552 3957 1632 4008 quem
1658 3945 1883 3993 commentarium
1912 3943 2010 3993 adeant
2035 3944 2166 3994 lectores.
2204 3943 2305 4006 Lapidis

393 4044 478 4094 genus
497 4032 601 4097 aliaque
626 4039 737 4084 externa
764 4047 825 4084 cum
844 4035 941 4085 iustam
966 4035 1149 4097 suspicionem
1177 4035 1353 4093 excitassent,
1382 4033 1452 4083 tituli
1478 4038 1668 4097 argumentum
1692 4038 1782 4083 autem
1808 4033 1960 4082 certissima
1984 4034 2118 4095 genuinae
2143 4032 2304 4097 antiquitatis

392 4121 505 4184 vestigia
529 4135 593 4184 prae
620 4136 650 4172 se
677 4122 777 4181 ferret,
807 4136 858 4186 ego
883 4123 943 4172 ioco
969 4123 1087 4172 indicato
1116 4123 1267 4172 rationibus
1295 4123 1422 4186 expositis
1445 4122 1651 4184 inscriptionem
1676 4122 1821 4171 vindicavi.
1849 4108 2013 4184 Nuperrime
2037 4135 2103 4173 vcro
2131 4136 2227 4173 rumor
2250 4134 2305 4183 per-
2400 4159 2405 4170 .

393 4209 499 4259 crebuit
517 4214 608 4260 extare
627 4211 728 4261 Romae
747 4212 923 4275 archetypum
942 4211 1029 4260 adhuc
1048 4210 1194 4272 ineditum,
1216 4212 1287 4276 quod
1306 4212 1372 4261 olim
1391 4213 1550 4269 inventum,
1570 4215 1611 4269 at,
1631 4214 1662 4260 ut
1678 4210 1768 4261 iacere
1788 4211 1857 4261 solet
1875 4211 1972 4274 vulgus
1990 4211 2177 4261 litteratorum
2196 4211 2305 4261 aliorum

393 4298 543 4351 emmonis
566 4299 637 4349 male
660 4313 778 4364 suaeque
802 4300 888 4350 ismae
907 4302 983 4364 peius
1003 4301 1164 4359 consulens,
1196 4301 1229 4350 alr
1248 4315 1281 4351 eo
1300 4302 1346 4365 qui
1364 4302 1467 4364 reperit
1485 4300 1530 4350 diu
1550 4300 1665 4350 celatum
1685 4313 1772 4362 paene
1791 4302 1819 4349 in
1837 4300 2003 4350 oblivionem
2021 4300 2104 4358 abiit;
2137 4301 2210 4363 qnod
2234 4299 2256 4347 si
2274 4298 2306 4346 ita

393 4390 447 4444 est,
477 4387 530 4435 iam
549 4388 652 4450 optime
677 4389 894 4440 conciliabuntur
912 4393 939 4439 ei
959 4403 1037 4440 meae
1055 4394 1083 4439 et
1101 4391 1251 4439 amicorum
1271 4391 1406 4449 rationes,
1435 4390 1666 4453 vehementerque
1690 4389 1876 4439 desideramus
1901 4393 1931 4438 ut
1957 4389 2067 4438 tandem
2095 4388 2241 4454 aliquando
2262 4400 2307 4435 uos

392 4488 506 4539 quorum
534 4476 648 4526 interest
674 4477 708 4527 de
735 4479 813 4528 titulo
841 4479 893 4528 hoo
918 4480 982 4529 satis
1007 4479 1177 4529 memorabili
1201 4484 1276 4529 recte
1300 4485 1328 4529 et
1355 4481 1434 4543 plene
1463 4479 1619 4529 doceamur.
1657 4479 1770 4529 interim
1798 4479 1848 4529 etsi
1877 4479 1944 4527 certi
1969 4478 2116 4542 quidquam
2143 4477 2232 4528 adhuc
2256 4488 2305 4524 nou

392 4565 527 4628 comperi,
557 4569 648 4616 umen
666 4565 849 4617 Basileensem
866 4567 983 4630 lapidem
1002 4581 1035 4618 eo
1061 4568 1120 4618 ioco
1144 4568 1271 4618 exhibere
1294 4570 1396 4618 rectius
1415 4572 1443 4618 et
1460 4567 1608 4617 modestius
1627 4568 1715 4617 visum
1735 4573 1790 4625 est,
1821 4581 1874 4631 quo
1894 4567 1998 4617 referre
2017 4567 2092 4618 soleo
2117 4564 2242 4628 exempla
2263 4576 2305 4611 no

392 4655 460 4704 vicia
479 4654 686 4717 inscriptionum
705 4657 890 4720 antiquarum
911 4669 1072 4720 quamquam
1093 4658 1161 4707 miro
1181 4662 1208 4707 et
1227 4656 1341 4707 sortasse
1360 4658 1441 4708 unico
1460 4670 1523 4707 casu
1542 4657 1606 4707 dum
1625 4658 1802 4721 archetypum
1819 4656 1885 4706 latet
1903 4656 2046 4719 inscriptio
2066 4668 2121 4704 non
2141 4655 2250 4719 cognita
2269 4656 2305 4701 est
2414 4654 2421 4669 '

393 4744 444 4792 nisi
464 4756 513 4806 per
532 4748 655 4794 nostrum
674 4744 726 4794 lroc
744 4745 932 4809 antigraphum
952 4745 1048 4794 solum.

2436 4458 2449 4523 t
