4972 6902
1334 683 1400 735 vm

493 866 547 937 De
568 863 716 938 fontibus
738 864 894 960 syllogae
918 885 1015 936 meae
1039 840 1106 936 boc
1126 873 1253 937 antam
1275 863 1400 954 dicam,
1424 867 1566 959 primam
1588 868 1784 961 inspexisse
1806 888 1861 938 me
1885 867 2013 962 lapides
2037 870 2092 960 qui
2115 874 2234 937 extuat
2256 885 2319 934 re-

405 974 787 1086 peririvpae'potaerunt
816 998 942 1061 ιιιιιιιιιιι
973 1010 1042 1061 non
1069 1010 1209 1076 omues3
1245 992 1340 1061 cuias
1370 992 1421 1060 rei
1453 1011 1557 1061 caasa
1590 988 1725 1062 biennio
1759 992 1876 1085 elapso
1904 991 2095 1073 Helvetium
2123 994 2316 1085 peragravi.

404 1113 538 1186 Deinde
554 1113 685 1187 adhibui
700 1124 737 1185 ut
751 1136 813 1208 par
828 1122 903 1184 erat
921 1110 1027 1185 libros
1047 1111 1252 1206 codicesque
1269 1122 1431 1207 quotquot
1445 1113 1523 1184 mihi
1545 1117 1763 1186 innotuerant
1786 1125 1821 1187 et
1843 1118 2043 1215 investigari
2064 1124 2262 1211 potuerunt3
2286 1118 2319 1185 in

405 1260 471 1333 qao
498 1242 637 1331 negotio
662 1237 851 1310 difficillimo
880 1241 925 1308 ita
955 1259 1009 1309 me
1040 1236 1164 1311 adiuvit
1195 1261 1270 1309 eam
1294 1241 1477 1322 amicorum
1499 1236 1687 1311 humanitas
1717 1248 1784 1311 tum
1815 1237 2088 1312 bibliothecarum
2111 1239 2318 1335 pubbcarum

331 1349 334 1354 ¹
406 1385 492 1458 qaae
516 1373 594 1437 sant
615 1348 649 1435 in
671 1364 830 1436 Helvetia
852 1361 1092 1434 administratio
1115 1361 1263 1435 liberalis
1287 1370 1323 1431 et
1345 1361 1486 1449 sollers,
1522 1370 1558 1433 at
1585 1365 1648 1433 vix
1678 1362 1854 1456 quidquam
1884 1364 1972 1458 quod
2001 1368 2044 1437 sit
2073 1365 2212 1437 alicuius
2240 1385 2318 1435 mo-

405 1491 508 1560 menti
531 1487 639 1559 adbuc
663 1487 864 1559 desiderem.
907 1486 1061 1581 Corpora
1082 1489 1355 1580 inscriptionum,
1381 1504 1466 1578 quae
1489 1485 1687 1578 prodierant
1708 1509 1817 1580 usque
1840 1487 1881 1559 ad
1904 1488 2139 1579 Hagenbacbii
2160 1497 2319 1576 aetatem,

338 1702 341 1709 .
403 1602 474 1685 aon
497 1615 638 1686 excussi
660 1611 771 1683 denuo
793 1620 882 1699 tota,
907 1620 943 1682 at
964 1611 1142 1683 Helvetico
1164 1610 1242 1681 inde
1265 1614 1483 1707 exciperem,
1509 1612 1571 1683 sed
1594 1614 1627 1682 ia
1651 1610 1716 1682 bac
1738 1634 1778 1681 re
1801 1610 2086 1702 Hageubacbiaaa
2109 1633 2216 1707 opera
2238 1616 2319 1684 stari

405 1759 510 1833 posse
524 1736 603 1808 mihi
616 1739 712 1808 visus
728 1757 814 1806 sam.
851 1734 961 1805 Gitavi
978 1741 1138 1805 auctores
1159 1756 1257 1829 qaum
1280 1738 1373 1829 potui
1395 1735 1616 1821 brevissime,
1641 1734 1750 1806 indice
1773 1734 1934 1807 librorum
1958 1739 2159 1830 scriptorum
2183 1746 2218 1809 et
2241 1735 2319 1807 edi-

404 1872 515 1934 torum
543 1881 628 1955 quos
658 1858 790 1931 adbibui
812 1857 1011 1953 praelationi
1035 1857 1207 1945 subiecto,
1244 1833 1297 1929 cai
1318 1858 1418 1939 indici
1442 1859 1581 1931 subinde
1603 1861 1749 1948 inserui,
1786 1861 1815 1931 si
1839 1880 1903 1952 qua
1926 1859 2095 1931 monenda
2118 1859 2316 1932 videbantur

404 1986 447 2058 de
472 1995 646 2057 auctorum
668 1965 733 2055 lide
756 1992 792 2055 et
815 1982 975 2055 sollertia.
1025 1981 1118 2067 Quos
1143 1985 1244 2054 citavi
1266 1981 1388 2071 bbros,
1413 2005 1476 2055 eos
1500 1986 1660 2078 usurpavi
1683 1985 1774 2077 ipse,
1809 1985 1873 2054 nisi
1900 1982 2071 2076 siquibus
2098 1983 2318 2056 additamest
2430 2066 2433 2071 ⁸

405 2133 459 2183 me
480 2132 550 2182 aon
571 2107 701 2182 vidisse
711 2108 764 2198 ⁴⁵).
813 2106 972 2178 Ceteram
994 2128 1069 2177 rem
1091 2109 1135 2178 ita
1164 2109 1307 2195 institui,
1341 2117 1378 2178 at
1406 2110 1546 2201 primum
1569 2105 1673 2178 libros
1701 2108 1902 2180 evolverem
1926 2116 1962 2178 et
1983 2110 2088 2180 variis
2118 2107 2316 2181 lectionibus

404 2236 445 2308 ad
469 2234 621 2327 singulos
643 2233 755 2304 titulos
779 2234 924 2302 enotatis
952 2230 1081 2324 lapides
1105 2229 1318 2317 conferrem,
1351 2240 1387 2301 ut
1409 2253 1551 2325 sperare
1579 2231 1680 2302 liceat
1703 2252 1772 2302 non
1799 2230 1920 2303 multos
1951 2210 2091 2303 errores
2115 2235 2316 2305 commissos

404 2382 485 2432 esse
507 2356 708 2453 inlepidum
730 2380 750 2427 a
773 2377 827 2427 me
851 2354 1049 2426 collatorum
1071 2354 1219 2426 lectione
1242 2355 1488 2426 constituenda.

492 2483 622 2577 Recepi
644 2484 678 2552 ia
701 2481 788 2551 bane
806 2480 964 2575 syllogen
981 2480 1093 2551 titulos
1110 2501 1230 2551 omnes
1246 2488 1405 2574 repertos
1425 2477 1512 2550 intra
1530 2478 1615 2550 lines
1634 2482 1688 2572 qui
1704 2501 1795 2550 nanc
1811 2488 1889 2551 sant
1904 2479 2213 2553 confoederationis
2230 2483 2316 2554 Hel-

404 2612 557 2694 veticae3
583 2604 753 2698 adsumpsi
774 2624 901 2699 paucos
926 2604 980 2693 (ιι.
1005 2601 1083 2673 539.
1109 2602 1194 2692 sal)
1218 2606 1273 2697 qai
1296 2625 1495 2696 quamquam
1518 2602 1617 2674 bodie
1641 2613 1740 2675 extra
1763 2603 1849 2676 ines
1874 2614 2078 2694 servantur,
2103 2614 2217 2677 ιιιιιιιιιι
2241 2608 2314 2678 olim

405 2737 491 2804 intra
514 2714 577 2802 eos
600 2731 721 2800 limites
745 2726 903 2798 videntur
926 2731 1087 2816 stetisse,
1120 2726 1253 2797 exclusi
1276 2736 1387 2797 autem
1410 2749 1495 2821 qaos
1519 2731 1593 2800 sine
1615 2730 1704 2800 iusta
1727 2750 1830 2799 causa
1854 2727 1999 2800 Orellius
2023 2731 2042 2820 (
2070 2783 2077 2798 .
2107 2783 2143 2800 ..
2167 2785 2174 2799 .
2201 2771 2233 2798 =
2254 2733 2311 2816 5⁴13

408 2911 474 2926 ...
501 2897 536 2923 =
556 2854 616 2942 tt,
656 2906 723 2922 ...
748 2894 782 2921 =
808 2853 868 2939 783
899 2852 965 2924 att
989 2893 1025 2919 =
1045 2850 1107 2941 83)
1131 2851 1318 2923 Helveticis
1346 2854 1488 2923 inseruit
1511 2852 1732 2924 Germanicos
1762 2861 1797 2922 et
1820 2828 2041 2925 Sabaudicos.
2090 2854 2223 2926 Graeca
2245 2876 2310 2925 non

403 2992 470 3053 tarn
494 2979 626 3050 exclusi
649 2978 805 3049 consulto
829 2997 928 3069 quam
950 2978 1064 3070 reperi
1086 2975 1195 3061 nulla,
1220 2977 1281 3045 vix
1304 2978 1392 3046 euim
1415 2979 1449 3046 in
1473 2998 1614 3048 censam
1636 2979 1777 3048 veniunt
1800 2999 1886 3070 quac
1909 2978 2068 3068 legantur
2091 3000 2125 3048 n.
2151 2976 2235 3067 350,
2256 2979 2310 3064 lb,

404 3105 482 3193 stt,
500 3104 539 3192 63
556 3126 632 3198 app.
649 3101 711 3190 213
735 3099 1032 3173 missateta.
1064 3100 1231 3170 Etruscos
1256 3100 1314 3170 vel
1337 3109 1432 3170 certe
1449 3100 1604 3172 Etruscis
1628 3100 1747 3173 litteris
1771 3104 1917 3195 scriptos
1940 3100 2068 3195 lapides
2091 3123 2161 3188 aon
2184 3106 2310 3197 recepi,

402 3252 478 3302 eum
500 3250 608 3323 nuper
631 3226 790 3298 ediderim
814 3234 972 3320 separato
997 3223 1318 3314 commentario**).
1367 3223 1470 3295 Medii
1492 3226 1570 3296 aevi
1594 3224 1725 3311 titulos,
1751 3223 1859 3296 idest
1883 3228 2029 3320 scriptos
2052 3236 2130 3320 post
2152 3228 2316 3322 expulsos

404 3377 451 3426 ex
473 3354 524 3426 his
547 3350 696 3447 partibas
719 3350 911 3437 Romanos,
945 3349 1177 3447 praetermisi3
1212 3350 1246 3418 in
1276 3369 1316 3417 re
1340 3346 1438 3418 dubia
1461 3357 1573 3419 tamen
1596 3349 1714 3418 mebas
1738 3351 1849 3420 visam
1873 3358 1926 3420 est
1949 3349 2061 3420 locum
2085 3349 2166 3421 dare
2190 3352 2313 3439 titulis,

403 3477 492 3550 anda
522 3477 679 3568 legamtar
708 3497 742 3546 n.
776 3473 841 3546 307
871 3483 907 3544 et
936 3471 1002 3544 308
1031 3472 1143 3563 elogia
1172 3470 1379 3562 Bando[li]lli
1410 3480 1444 3542 et
1475 3471 1674 3560 Radoarae,
1711 3475 1765 3565 qai
1796 3472 1883 3542 haud
1906 3476 1981 3545 scic
2005 3496 2048 3544 au
2070 3473 2196 3546 luerint
2218 3474 2315 3545 liberi

403 3603 592 3674 Alamanni.
640 3599 826 3670 Praeterea
857 3596 1031 3692 appendici
1059 3605 1131 3668 tres
1162 3596 1276 3668 titulos
1309 3595 1495 3667 Garienses
1528 3618 1563 3666 n.
1597 3596 1653 3666 25.
1687 3595 1742 3665 att.
1774 3595 1817 3666 at
1853 3597 1981 3667 saeculi
2013 3597 2163 3670 fortasse
2187 3601 2317 3693 septimi

403 3728 461 3799 vel
483 3728 597 3798 octavi
618 3706 696 3795 ideo
719 3725 865 3810 inserui,
890 3720 978 3815 qaod
1009 3720 1050 3791 ad
1082 3723 1314 3815 quaestionem
1343 3718 1385 3789 de
1409 3717 1475 3790 lide
1500 3718 1659 3790 Tscbadii
1683 3718 1924 3791 diiudicandam
1953 3742 2023 3792 non
2046 3725 2213 3794 minimam
2236 3745 2315 3794 mo-

403 3860 548 3922 mentum
573 3849 694 3919 allerre
718 3846 931 3917 videbantur.

490 3974 729 4067 Dispositionis
752 3970 1004 4042 fundamentum
1028 3979 1082 4041 est
1104 3968 1189 4040 ordo
1212 3967 1484 4061 geographicas,
1510 3989 1609 4060 quem
1632 3977 1745 4039 tamen
1768 3971 1813 4039 ita
1836 3972 2046 4062 temperavi,
2071 3978 2107 4040 ut
2130 3970 2171 4040 ad
2194 3970 2314 4065 oppida

405 4104 568 4192 vicosque
592 4099 740 4168 maiores
763 4094 892 4189 lapides
923 4092 1116 4184 digererem
1143 4114 1262 4164 omnes
1292 4101 1327 4163 et
1350 4092 1520 4163 solitarios
1550 4091 1678 4185 lapides
1711 4090 1752 4162 ad
1786 4095 1976 4186 proximum
2008 4114 2174 4186 quemque
2205 4097 2317 4166 vicum

401 4223 581 4295 referrem.
631 4219 801 4291 Publicam
825 4217 1024 4290 divisionem
1049 4220 1078 4288 si
1101 4219 1197 4310 sequi
1219 4217 1427 4303 voluissem,
1464 4218 1646 4287 civitatium
1676 4225 1891 4288 monumenta
1920 4219 2079 4308 coniungi
2107 4216 2313 4303 debuerunt,

402 4347 490 4443 qaod
513 4346 667 4417 consadto
690 4365 759 4415 ιιοιι
782 4341 849 4413 leci
872 4343 928 4432 (ιι.
953 4364 987 4435 p.
1010 4339 1089 4431 27).
1136 4341 1174 4411 ln
1198 4340 1338 4430 singulis
1362 4338 1524 4434 capitibus
1547 4338 1631 4408 titali
1653 4342 1743 4410 sacri
1773 4341 1951 4432 incipiant,
1983 4351 2170 4434 sequuntur
2201 4345 2314 4435 impe-

401 4481 549 4543 ratorum
573 4478 608 4541 et
629 4465 1019 4560 magistrataampopuli
1041 4464 1184 4535 Romani
1207 4472 1242 4533 et
1263 4464 1445 4551 militares,
1483 4461 1604 4533 deinde
1629 4465 1684 4556 qai
1707 4464 1877 4557 pertinent
1900 4462 1941 4533 ad
1964 4486 2036 4535 rem
2060 4466 2314 4559 municipalem;

322 4566 323 4569 Ἴ
403 4615 525 4685 agmen
548 4590 706 4663 claudant
727 4592 861 4684 privati.
906 4589 981 4659 Hoc
1010 4587 1127 4659 ordine
1150 4589 1332 4682 propositis
1356 4587 1456 4658 titulis
1481 4586 1616 4678 reliquis
1641 4588 1695 4676 (ιι.
1723 4585 1873 4677 1-308)
1898 4598 2083 4682 sequuntur
2106 4590 2235 4660 mibarii
2257 4589 2314 4661 vel

402 4718 544 4809 leugarii
567 4716 621 4805 (ιι.
647 4712 863 4803 sat-338),
900 4733 985 4805 quos
1009 4715 1217 4802 coniungere
1242 4719 1276 4782 et
1299 4709 1340 4781 ad
1363 4712 1438 4780 vius
1462 4708 1622 4800 redigere
1645 4708 1788 4803 placuit,
1826 4720 1861 4780 et
1883 4712 2083 4806 supellectili
2106 4712 2311 4784 domesticae

401 4846 488 4914 intra
511 4840 710 4912 Helveticos
733 4836 819 4910 lines
843 4845 900 4908 aut
921 4844 1081 4931 repertae
1105 4844 1162 4906 aat
1185 4843 1280 4906 certe
1304 4832 1528 4921 adservatae,
1556 4836 1701 4904 maxime
1724 4837 1947 4907 instrumento
1972 4845 2132 4908 cretaceo
2154 4840 2312 4931 inscripta

403 4969 456 5055 (ιι.
476 4963 683 5054 339-354).
716 4961 883 5033 Absoluta
903 4960 1038 5055 sylloge
1054 4961 1307 5053 inscriptionum
1325 4957 1577 5028 Helveticarum
1601 4957 1773 5029 subiicitur
1796 4958 1982 5054 appendix,
2008 4981 2072 5052 qua
2088 4968 2311 5032 recensentur

411 5162 666 5173 .-..-...—-.—-——-

489 5286 515 5349 *l
553 5276 638 5349 Quod
657 5288 756 5337 notare
776 5278 855 5337 soleo
875 5278 932 5337 sic:
954 5281 1062 5358 q(uem)
1081 5280 1163 5350 aloni
1182 5274 1273 5350 vadi).

471 5371 515 5439 ιι)
553 5371 606 5425 Die
627 5370 882 5425 ttordetraslriecben
901 5368 1050 5438 Alpbcbete
1068 5369 1121 5437 aas
1143 5368 1305 5437 laacdriltca
1322 5368 1524 5426 audiditores.
1561 5376 1638 5426 1853.
1678 5371 1898 5442 (Mittltcilunpen
1916 5364 1965 5425 de'r
1985 5373 2068 5440 aurp.
2090 5368 2266 5436 Gerellrclrast
2283 5371 2313 5421 in

402 5459 504 5514 lirici
526 5459 578 5514 aa.
602 5458 658 5515 Vll
676 5457 738 5526 Heli
755 5456 795 5525 8.)
830 5452 977 5513 Pertinent
995 5451 1051 5512 hac
1069 5474 1097 5512 n.
1120 5457 1146 5510 5.
1166 5461 1192 5511 o.
2226 5452 2228 5455 ’
