4972 6902
1171 2070 1308 2123 Minimum
1324 2072 1392 2120 tata
1410 2077 1449 2120 tor
1466 2084 1498 2120 oo
1516 2078 1592 2121 ronco
1609 2070 1692 2121 mmm
1709 2072 1822 2122 obtinent
1840 2073 1909 2122 tunt
1926 2079 1950 2122 ot
1967 2080 2082 2135 comaco,

1172 2174 1238 2223 puae
1256 2174 1336 2224 nequo
1354 2162 1412 2222 ipro
1430 2167 1516 2210 tecam
1534 2161 1708 2224 negleguntur.

1811 2245 1941 2301 Tecrrvs.

267 2521 364 2594 lussu
386 2525 551 2594 societatis
575 2525 836 2617 antiquariorum
857 2522 1090 2595 Turicensium
1115 2525 1301 2619 quamodo
1325 2526 1484 2621 syllogen
1506 2528 1758 2621 inscriptionum
1780 2526 1971 2598 Latinarum
1992 2531 2079 2600 intra

177 2645 373 2718 Helveticae
396 2646 701 2719 confoederationis
724 2646 810 2719 lines
834 2644 942 2718 adhuc
964 2659 1176 2741 repertarum
1200 2673 1276 2721 cum
1299 2649 1340 2749 ad
1363 2650 1502 2722 easdem
1523 2651 1623 2741 leges
1648 2653 1810 2745 pararim,
1835 2673 1918 2745 quas
1940 2662 2079 2724 secutus

170 2798 243 2849 sum
271 2780 304 2849 in
334 2779 603 2875 inscriptionibus
632 2782 733 2872 regni
755 2779 967 2874 Neapolitani
997 2778 1122 2850 Latinis
1157 2775 1318 2864 edendis,
1354 2773 1396 2845 de
1429 2778 1544 2869 operis
1574 2775 1671 2846 huius
1702 2777 1851 2847 instituto
1882 2785 1917 2848 et
1945 2779 2077 2848 ratione

169 2900 321 2975 breviter
347 2925 487 2975 monere
516 2907 624 2996 magis
653 2903 789 2977 videtur
817 2925 901 2998 opus
931 2924 1012 2975 esse
1042 2923 1140 2995 quam
1170 2908 1328 2971 accurate
1352 2898 1512 2994 praefari.
1559 2898 1645 2970 Nam
1669 2908 1704 2971 et
1725 2898 1849 2972 factum
1871 2899 1904 2971 id
1926 2909 1980 2973 est
2003 2923 2079 2972 cum

167 3026 257 3097 illum
279 3024 395 3098 librum
419 3031 532 3113 emisi,
557 3038 593 3101 et
614 3029 776 3123 pleraque
800 3027 876 3121 quid
900 3025 1092 3118 significent
1115 3033 1150 3096 et
1173 3047 1234 3094 cur
1252 3026 1298 3094 ita
1314 3033 1564 3118 proponantur,
1589 3022 1688 3094 facilc
1707 3024 1906 3115 intellegent
1924 3024 2077 3098 homines
2171 3016 2175 3021 ’

167 3154 264 3241 gnari
285 3173 400 3223 rerum
428 3156 636 3246 antiquarum
664 3161 698 3224 et
726 3155 775 3222 in‘
791 3152 892 3223 titulis
919 3152 1066 3223 vetustis
1089 3158 1310 3221 auctorumve
1334 3152 1544 3242 antiquorum
1568 3150 1702 3243 scriptis
1724 3147 1904 3221 versandis
1928 3158 1963 3221 et
1984 3171 2077 3220 exa-

167 3274 328 3347 minandis
352 3279 543 3348 exercitati.
587 3277 734 3370 lmperiti
758 3252 870 3346 autern
893 3282 928 3345 et
949 3274 1048 3369 plane
1071 3272 1175 3344 rudes
1199 3272 1353 3343 homines
1377 3272 1497 3342 melius
1520 3270 1663 3362 facient,
1695 3271 1751 3343 ubi
1779 3271 1942 3367 lapidibus
1966 3271 2076 3346 absti-

168 3397 294 3471 nebunt
314 3421 426 3495 neque
448 3422 615 3496 perversa
640 3399 781 3494 quadam
806 3398 976 3490 diligentia
998 3399 1164 3493 primariis
1187 3395 1380 3469 auctoribus
1403 3418 1583 3491 perperam
1606 3399 1652 3469 uti
1676 3399 1782 3488 magis
1802 3397 1922 3469 volent
1940 3418 2076 3490 quam

165 3523 374 3597 secundariis
398 3524 526 3596 doceri.

253 3647 494 3743 inscriptiones
526 3650 681 3742 antiquae
710 3650 742 3718 in
773 3647 930 3719 Helvetia
963 3654 1149 3739 coeperunt
1177 3648 1379 3739 investigari
1411 3655 1488 3718 ante
1519 3666 1626 3716 annos
1660 3643 1734 3715 fere
1766 3652 1964 3733 trecentos,
1997 3667 2075 3717 nam

165 3793 253 3864 quae
276 3771 318 3843 de
340 3772 463 3844 Petrae
486 3783 647 3867 pertusae
670 3773 764 3844 titulo
788 3772 971 3843 caecutivit
992 3768 1177 3841 monachus
1201 3770 1442 3841 Colmariensis
1466 3769 1595 3841 saeculi
1616 3767 1694 3839 Xlll
1716 3777 1767 3849 (v.
1786 3766 1861 3837 add.
1881 3767 1922 3838 ad
1936 3791 1971 3840 n.
1991 3769 2076 3860 181)

164 3917 317 3989 quaeque
340 3895 382 3967 de
406 3896 657 3969 Constantiensi
679 3919 713 3968 u.
739 3895 803 3967 239
827 3904 943 3966 namot
966 3902 1083 3964 auctor
1106 3893 1208 3964 ltalus
1232 3894 1360 3966 saeculi
1382 3893 1448 3965 XV
1471 3894 1678 3987 incipientis,
1703 3892 1831 3984 aliaque
1856 3893 1973 3964 similia
1995 3898 2075 3966 artis

165 4020 260 4092 huius
284 4024 379 4113 quasi
400 4019 616 4110 incunabula,
642 4042 724 4092 casu
748 4023 855 4112 magis
880 4040 977 4112 quam
993 4016 1134 4088 consilio
1150 4017 1281 4112 prolata
1298 3992 1550 4112 essehpparet.
1588 4016 1684 4102 Quae
1703 4018 1733 4088 si
1751 4018 1926 4106 mittimus,
1949 4021 2076 4112 primus

162 4166 236 4215 rem
264 4144 434 4216 inchoavit
464 4145 619 4239 syllogae
650 4143 845 4236 lugolstadii
876 4162 964 4212 anno
996 4141 1081 4212 1531
1110 4141 1151 4213 ab
1180 4143 1314 4237 Apiano
1344 4142 1454 4214 editae
1477 4143 1676 4216 Helveticos
1705 4142 1818 4214 titulos
1848 4146 1992 4236 quinque
2020 4144 2074 4231 (n.

163 4270 239 4340 154.
266 4268 342 4340 164.
370 4268 445 4340 178.
472 4270 547 4341 198.
572 4269 658 4361 239)
683 4273 738 4364 qui
759 4270 920 4355 inseruit,
957 4268 1012 4359 qui
1035 4265 1168 4336 videtur
1198 4266 1305 4338 fuisse
1328 4270 1452 4335 Beatus
1479 4270 1667 4335 Rhenanus.
1713 4266 1814 4361 Hunc·
1834 4270 1972 4362 excepit
1992 4268 2075 4339 lon-

162 4414 273 4488 geque
297 4398 472 4489 superavit
493 4400 656 4463 lohannes
684 4397 859 4481 Stompfioo
883 4396 1018 4464 natione
1043 4390 1232 4487 Germanus
1256 4389 1355 4460 domo
1378 4390 1668 4478 Bruchsaliensis,
1700 4390 1868 4484 parochus
1890 4391 2073 4480 Bubilroui,

160 4520 282 4590 deinde
305 4519 531 4592 Stammheimi
553 4523 587 4590 in
610 4540 695 4608 agro
718 4518 910 4589 'luricensi
948 4515 1234 4607 Zwinghanorum
1258 4514 1312 4584 ille
1337 4522 1466 4586 sectam
1489 4515 1608 4586 relicta
1632 4516 1702 4586 vita
1724 4518 1909 4586 monastica
1933 4526 2072 4588 secutus

160 4653 214 4716 est
245 4653 280 4714 et
313 4644 432 4736 dignus
468 4643 530 4714 luit
565 4642 621 4713 illa
653 4651 783 4730 aetate,
821 4663 885 4736 qua
915 4640 1073 4712 fervente
1104 4636 1259 4709 libertate
1294 4645 1329 4708 et
1360 4639 1502 4728 vigente
1532 4637 1684 4710 doctrina
1716 4647 1751 4708 et
1781 4641 1888 4710 virtus
1921 4638 2071 4711 alebatur

157 4769 277 4839 litteris
307 4776 342 4839 et
368 4766 530 4838 libertatis
562 4764 685 4836 ardore
716 4765 849 4837 litterae
880 4761 1176 4836 inflammabantur.
1226 4759 1407 4855 Stumphus
1436 4759 1627 4832 Helvetiam
1658 4765 1854 4833 universam
1885 4761 1926 4833 ad
1957 4784 2070 4834 rerum

158 4895 367 4985 antiquarum
389 4894 585 4962 memoriam
607 4890 878 4981 investigandam
900 4889 1098 4984 peragravit
1121 4894 1155 4955 et
1178 4893 1268 4955 tanta
1292 4883 1462 4974 diligentia
1485 4906 1558 4955 rem
1584 4888 1738 4978 peregit,
1775 4896 1931 4979 quardm
1960 4909 2070 4981 neque

157 5020 305 5112 priorum
329 5017 413 5088 ullus
437 5014 583 5087 adhibuit
605 5037 717 5110 neque
739 5026 819 5109 post
842 5038 918 5086 eum
941 5037 1003 5110 per
1027 5012 1191 5084 ducentos
1214 5007 1288 5115 fere
1312 5029 1419 5079 annos
1443 5011 1617 5101 quisquam
1641 5012 1811 5102 aequavit.
1851 5010 1946 5082 Unde
1962 5012 2069 5083 chro-
2164 5034 2166 5039 ’

156 5145 233 5212 nica
264 5145 336 5213 eius
365 5141 539 5236 splendide
569 5163 657 5213 anuo
690 5141 776 5213 1548
808 5142 896 5213 edita
913 5143 963 5213 'et
994 5137 1101 5211 adhuc
1129 5144 1207 5209 sunt
1238 5142 1273 5205 et
1303 5153 1440 5226 semper
1472 5142 1571 5202 erunt
1602 5134 1840 5228 epigraphicae
1870 5134 2070 5207 Helveticae

156 5267 346 5360 primarium
374 5264 636 5336 hmdamentum.
684 5264 770 5336 Nam
799 5270 854 5359 qui
878 5262 1074 5359 Stumplium
1107 5259 1354 5354 subsequuntur
1383 5256 1486 5347 longe
1516 5255 1680 5328 clariores
1711 5266 1870 5329 auctores
1900 5259 2069 5353 multoque

155 5391 292 5482 saepius
315 5387 448 5461 adhibiti
472 5388 681 5478 Tsohudius,
704 5390 773 5461 los.
800 5389 982 5478 Simlerus,
1008 5387 1264 5474 Guillimannus,
1288 5383 1477 5469 Plautinus,
1508 5380 1562 5450 alii
1584 5380 1616 5451 id
1639 5390 1786 5472 egerunt
1808 5381 1955 5452 utillum
1977 5405 2067 5455 ver-

158 5522 273 5585 terent
306 5513 364 5584 vel
398 5522 493 5584 certe
528 5514 740 5607 expilarent,
776 5514 831 5584 alii
862 5523 899 5584 ut
930 5513 1192 5627 interpolarent}
1228 5507 1316 5603 quod
1346 5507 1426 5579 fecit
1461 5506 1659 5594 Tsohudius,
1685 5502 1853 5599 Stumpfii,
1879 5528 1978 5599 quem
2000 5530 2069 5579 nun
