4972 6902
1337 709 1389 761 ΧΠ

407 910 636 950 emoverem
654 888 752 968 (Eug.)
771 886 858 968 guido
876 885 914 946 de
926 886 1103 965 1616663661
1119 881 1220 962 Verey
1232 893 1262 942 et
1273 878 1346 941 dans

457 978 501 1038 les
520 980 667 1038 environs.
706 976 806 1057 Vevey
825 985 904 1037 1866.
925 984 952 1035 8.
973 993 1024 1055 66.
1045 982 1079 1033 65
1098 980 1189 1032 6176.

405 1065 776 1137 66666166116116666166
789 1064 843 1126 des
857 1060 1162 1146 6661661616666666.
1193 1060 1345 1119 Lausanne

457 1165 534 1215 1787.
554 1165 581 1215 8.
601 1176 653 1236 66.
673 1164 735 1215 878.
748 1188 785 1200 -
798 1150 948 1226 Quaedam
959 1151 1030 1210 satis
1044 1147 1199 1228 diligenter
1217 1146 1341 1226 collegit,

456 1245 580 1303 666166
598 1245 702 1326 cippos
719 1242 858 1303 miliarios
876 1240 937 1320 agri
955 1236 1121 1299 Valdensis.

406 1350 493 1390 66666
512 1332 681 1413 (Remigius)
699 1330 853 1392 thesaurus
871 1330 958 1388 inser.
978 1327 1161 1406 antiquarum
1174 1332 1253 1384 1666.
1282 1323 1345 1384 Co-

334 1456 338 1461 ·
458 1419 514 1480 dex
531 1441 586 1481 ms.
605 1420 676 1481 bibl.
696 1419 777 1502 publ.
796 1417 895 1486 Besil,
924 1417 975 1497 qui
993 1435 1053 1475 666
1070 1413 1158 1474 66116
1177 1409 1230 1472 sed
1249 1421 1344 1471 tamen

459 1509 555 1590 aliqua
573 1506 662 1569 dedit.

407 1618 534 1658 enmr
552 1598 687 1671 (1166116.)
708 1598 763 1656 1166
779 1594 1013 1661 Alemannicum3
1042 1588 1152 1650 66661111
1170 1588 1298 1648 11611666
1316 1597 1345 1645 61

459 1686 608 1747 Gallicum.
651 1685 743 1766 Typis
765 1682 995 1743 San-Blasionis.
1023 1688 1101 1740 1765.
1121 1688 1148 1738 8.
1168 1697 1219 1758 pp.
1239 1684 1293 1735 516
1316 1684 1345 1733 61

459 1785 512 1835 166
529 1773 587 1848 (ed.
606 1785 625 1834 6
643 1782 754 1835 666166
773 1794 798 1831 6.
819 1780 888 1831 1776
907 1789 967 1830 666
984 1766 1065 1840 61111).

407 1882 541 1932 onumen,
556 1863 715 1941 1161116366,
729 1859 939 1938 Wackernagel
949 1857 1085 1919 schweiz.
1096 1856 1237 1916 1166666.
1251 1852 1344 1911 Frau-

457 1949 553 2012 enleld
571 1949 665 2010 l-IIl.
686 1959 712 2009 8.
733 1957 918 2009 1867-1866.

406 2059 522 2101 cuntur
539 2038 621 2112 (1666
638 2040 737 2111 Louis)
756 2035 823 2096 (1161.
844 2035 911 2095 hist.
929 2035 1064 2095 1111666166
1077 2043 1106 2092 61
1117 2033 1278 2109 statistique
1290 2026 1343 2087 des

456 2126 669 2210 depertements
688 2124 728 2186 du
745 2124 931 2186 11661-111666
948 2134 977 2183 61
994 2122 1035 2183 du
1052 2123 1168 2182 Lernan.
1199 2120 1232 2180 T.
1247 2116 1341 2177 1-111.

459 2227 486 2277 8.
507 2215 671 2295 Chambtry
688 2225 768 2276 1867.

404 2325 524 2366 terrm
550 2305 754 2385 inscriptiones
777 2305 921 2383 antiquae.
964 2299 1172 2380 heidelbergne
1200 2305 1278 2356 1666.
1306 2327 1343 2338 -

454 2384 1339 2472 Α11161161111166661111661161661,81666111,86666611116611,

456 2482 655 2551 Guillimanni;
676 2481 787 2562 accepit
798 2489 947 2561 praeterea
966 2478 1154 2540 Genevenses
1173 2473 1342 2534 611116611-

454 2590 558 2630 eenses
567 2590 583 2629 a
593 2568 805 2650 compluribus:
819 2566 985 2636 boissardo,
1000 2566 1190 2632 Commelino,
1204 2560 1340 2628 Frehero,

455 2657 635 2726 Guldinasto,
655 2657 802 2738 Olympio,
819 2656 975 2736 866113666,
993 2653 1238 2714 Vindonissenses
1247 2669 1342 2729 nuper

455 2758 515 2807 166
526 2756 657 2827 66666166
675 2767 692 2805 6
709 2746 749 2805 16.
770 2744 913 2806 Gulielmo
932 2744 1061 2805 Stuckio.
1089 2741 1228 2820 Pleraque
1240 2757 1342 2798 exem-

454 2835 501 2916 pla
512 2837 581 2895 satis
589 2832 739 2895 emendata
747 2835 947 2914 reperiuntur;
962 2829 1160 2894 Commelinus
1169 2840 1265 2888 tamen
1273 2836 1342 2886 tan-

455 2915 1338 3003 1666666661666666816661111116611661661166661661666.

402 3032 561 3093 6116661611
579 3011 646 3072 hist.
666 3011 875 3091 genealogique
894 3009 931 3069 de
948 3009 975 3069 la
993 3009 1105 3067 maison
1122 3004 1221 3085 royale
1234 3002 1270 3062 de
1283 3002 1341 3062 Sa-

456 3121 542 3182 voye.
562 3102 644 3180 Lyon
664 3109 742 3160 1666.
763 3099 866 3159 66611.
886 3098 935 3158 161.
957 3130 993 3141 -
1015 3094 1203 3155 Genevenses
1222 3102 1251 3150 et
1268 3090 1340 3151 Val-

453 3191 551 3250 lenses
569 3188 684 3268 collegit
701 3188 785 3247 solita
805 3187 916 3247 16116616
934 3185 1126 3266 neglegentia.

405 3298 606 3338 6166616616
624 3277 816 3351 (1666616666)
835 3274 872 3334 (16
889 3274 977 3335 rebus
996 3273 1191 3333 Helvetiorum
1209 3272 1340 3330 616666-

455 3369 616 3448 tiquitatum
633 3365 700 3425 libri
718 3363 753 3424 V.
774 3363 905 3444 Friburgi
922 3364 1223 3423 1116611666661568.
1242 3366 1270 3418 6.
1286 3377 1337 3438 pp.

453 3464 516 3515 657.
544 3489 581 3501 -
604 3454 670 3536 1666
689 3452 801 3535 16611166
820 3472 880 3512 666
897 3450 970 3511 vidit
986 3452 1043 3510 nisi
1061 3450 1244 3510 Nantuatium
1265 3443 1340 3505 duos

453 3564 483 3602 6.
505 3553 539 3603 18
556 3554 585 3603 61
602 3554 650 3611 61;
678 3553 753 3603 totus
772 3539 880 3623 pendet
898 3560 941 3599 ex·
953 3537 1114 3605 Tschudio,
1135 3540 1217 3597 cuius
1235 3535 1340 3595 librum

455 3651 510 3691 ms.
531 3630 603 3691 vidit
620 3650 765 3712 quemque
784 3633 850 3690 61161
868 3650 899 3710 p.
919 3639 963 3689 67.
991 3625 1173 3688 Tschudiana
1192 3645 1246 3706 per
1262 3622 1340 3682 hunc

455 3721 579 3801 primum
605 3721 710 3779 exteris
735 3720 931 3779 innotuerunt.
969 3718 1052 3777 11666
1078 3714 1183 3775 librum
1206 3713 1340 3792 intellege

454 3807 504 3867 ubi
523 3806 749 3868 Guillimannum
767 3807 936 3888 simpliciter
954 3807 1021 3865 cito.

401 3930 438 3940 —
454 3894 677 3975 Habeburgiaca.
714 3895 869 3957 Mediolani
894 3904 973 3955 1665.
997 3903 1024 3953 6.
1049 3913 1101 3974 pp.
1125 3900 1186 3951 616.
1224 3888 1341 3950 1116116-

455 3985 600 4043 616666616
619 3983 761 4065 quaedam
778 3984 814 4044 ab
834 3994 949 4045 auctore
967 3983 1096 4043 continet
1113 3979 1267 4061 descripta.

321 4137 325 4145 ,
402 4092 566 4131 6111616616
585 4078 707 4146 (rivius)
727 4093 754 4132 r.
774 4092 897 4133 616166.

403 4180 569 4221 6166116166
596 4166 792 4235 (1766-1766)
820 4161 1006 4242 epistolarum
1034 4157 1285 4240 epigrapbicarum
1309 4177 1338 4236 p.

452 4258 605 4310 676-666
635 4270 659 4309 6.
689 4255 1002 4327 τεσσερακωτολογιον
1030 4249 1197 4307 Turioense.
1245 4245 1340 4304 Turici

455 4346 533 4398 1767.
553 4347 580 4397 d.

403 4445 568 4486 6161616166
578 4428 707 4487 Helvetia
720 4428 853 4486 Litterata
865 4446 919 4485 seu
931 4425 1041 4506 sylloge
1056 4426 1143 4484 inser.
1158 4424 1340 4503 antiquarum

453 4515 483 4576 in
501 4516 629 4575 Helvetia
647 4515 813 4575 extantium.
846 4512 921 4573 Voll.
936 4521 963 4572 t.
978 4511 1070 4573 Codd.
1084 4512 1154 4574 bibl.
1170 4511 1337 4572 61616616.

453 4606 491 4673 c,
512 4614 574 4664 esa.
593 4613 655 4663 ese.
675 4612 736 4662 ess.
748 4612 818 4661 666.
857 4596 1000 4680 colligere
1018 4603 1125 4683 inrepit
1143 4624 1169 4661 a.
1190 4612 1268 4662 1166.

400 4727 435 4738 -
453 4694 592 4774 epistolae
611 4712 664 4752 ms.
680 4690 773 4753 Codd.
787 4690 857 4751 bibl.
871 4691 925 4750 civ.
941 4690 1035 4750 Turic.
1057 4691 1094 4758 (1,
1115 4700 1168 4750 666
1186 4688 1340 4771 (usquead

453 4803 478 4841 a.
509 4786 602 4852 1720);
630 4789 684 4840 2117
710 4784 928 4853 (tm-1730),
957 4788 1009 4838 2118
1037 4783 1258 4853 (1730-17311);
1287 4786 1340 4836 2119

453 4873 662 4944 (661-11661
683 4878 735 4929 616
753 4872 962 4941 (666-11161
984 4878 1033 4927 sn
1054 4870 1265 4941 (meo—mer),
1287 4876 1339 4926 66

453 4962 663 5032 (irai-174⁹),
683 4962 965 5030 61666-11511
987 4962 1267 5030 616(1756-1161);
1288 4965 1339 5016 ms

453 5050 663 5119 666-11566
683 5055 736 5105 mo
754 5050 961 5120 urse-ires).

454 5133 531 5193 8666
550 5136 575 5193 61
594 5145 694 5216 666661
713 5154 778 5193 6666
796 5154 923 5215 unquam
942 5153 997 5214 pro
1023 5134 1124 5192 virtute
1147 5133 1207 5194 sola
1231 5154 1285 5214 per
1307 5154 1340 5193 se

453 5220 616 5302 diligentia,
645 5242 794 5303 nunquam
820 5225 890 5282 satis
915 5219 1074 5303 praedicari
1097 5232 1198 5302 posset
1220 5223 1340 5302 116366-

452 5310 575 5371 buchius
593 5310 703 5370 1666666
721 5312 765 5370 616
782 5313 935 5392 6611661166
954 5322 982 5370 61
1006 5310 1130 5388 16613616
1152 5309 1337 5380 eruditionis,

453 5420 526 5480 quae
544 5418 639 5479 neque
653 5400 801 5478 ignoratur
818 5398 904 5458 bodie
922 5418 1018 5479 neque
1037 5398 1118 5458 facile
1138 5410 1232 5479 polest
1250 5419 1340 5479 6666-

453 5485 589 5548 tervideri
607 5487 652 5546 vel
671 5489 825 5548 contemni.
862 5487 930 5548 Mihi
950 5498 1059 5557 tamen,
1079 5498 1111 5547 61
1129 5486 1218 5547 libere
1234 5486 1337 5557 (11666,

453 5596 548 5659 oeque
567 5596 634 5635 vere
652 5573 755 5636 doctus
774 5576 863 5635 luisse
876 5575 989 5637 videtur
1001 5577 1059 5645 vir,
1080 5595 1166 5659 (6666
1184 5576 1340 5639 6661166-

1437 882 1483 945 dis
1501 905 1609 963 genere
1627 896 1656 945 et
1676 886 1774 945 vivum
1796 894 1826 945 et
1847 892 1990 944 mortuum
2014 881 2198 943 celebranmt
2219 892 2247 943 61
2269 903 2325 964 pa-

1436 992 1502 1032 rum
1532 973 1692 1055 proiecisse
1719 974 1851 1033 existimo
1881 982 1972 1031 artem
1998 972 2073 1032 hanc
2095 972 2325 1053 qualemcumque

1436 1060 1652 1143 epigraphicam
1670 1062 1781 1122 ratione
1799 1061 1846 1121 illa
1859 1059 2118 1139 Hagenhuchiana,
2138 1081 2213 1142 quae
2225 1080 2279 1141 per
2291 1081 2323 1121 se

1435 1169 1495 1209 666
1514 1151 1584 1209 satis
1602 1149 1679 1209 bona
1699 1150 1870 1231 progeniem
1888 1147 1979 1208 edidit
1997 1146 2115 1230 editque
2128 1147 2225 1209 indies
2237 1151 2324 1209 vitio-

1435 1239 1552 1297 siorem.
1590 1236 1667 1297 Vere
1685 1235 1788 1298 doctus
1806 1239 1885 1297 enim
1902 1258 1964 1298 non
1981 1248 2058 1297 recte
2074 1236 2179 1298 dicitur
2193 1239 2244 1318 qui
2255 1236 2325 1318 plu-

1434 1328 1506 1387 rima
1530 1324 1663 1407 quidem,
1684 1324 1739 1386 sed
1756 1326 1895 1407 pleraque
1913 1327 1986 1385 scitu
2005 1323 2125 1405 indigna
2142 1345 2230 1406 quam
2253 1325 2323 1406 plu-

1434 1416 1508 1476 rimo
1526 1434 1580 1475 suo
1598 1411 1693 1475 taedio
1720 1414 1917 1495 lectorumque
1935 1416 2044 1493 ingenti
2067 1416 2106 1474 116
2123 1415 2267 1493 congerit,
2292 1425 2323 1474 ut

1434 1524 1486 1564 cur
1503 1502 1632 1585 quidque
1651 1514 1741 1585 ponet
1756 1523 1853 1584 neque
1870 1505 1936 1585 ipse
1947 1523 2084 1584 umquam
2103 1512 2222 1584 qrraerat
2239 1512 2277 1570 61,
2297 1505 2323 1563 61

1435 1593 1547 1673 quaerit
1564 1592 1650 1661 alter,
1670 1591 1845 1670 indignetur.
1877 1593 2010 1673 Denique
2028 1591 2141 1652 titulum
2156 1593 2223 1672 quis
2236 1610 2323 1670 quem

1434 1678 1558 1741 ediderit
1569 1678 1707 1749 indicare,
1722 1681 1823 1740 inanes
1834 1681 2023 1760 repetitiones
2033 1679 2248 1759 neglegentium
2258 1677 2324 1739 edi-

1435 1781 1530 1830 torum
1548 1781 1577 1829 et
1594 1768 1701 1829 levium
1718 1768 1868 1828 hominum
1886 1770 2023 1828 minimos
2044 1788 2159 1828 errores
2177 1770 2323 1848 perstrin-

1434 1878 1516 1938 gere,
1545 1857 1657 1918 indices
1675 1856 1877 1937 tessellataque
1901 1868 1933 1917 ut
1959 1859 1998 1917 eit
2020 1877 2109 1938 opera
2137 1859 2167 1916 in
2195 1857 2323 1936 singulas

1435 1947 1563 2027 syllogus
1581 1946 1637 2007 sibi
1656 1945 1811 2015 conficere,
1832 1944 1940 2005 habent
1957 1944 2077 2026 quidem
2094 1965 2128 2005 ea
2147 1946 2244 2005 omnia
2261 1948 2324 2006 suis

1434 2035 1506 2096 locis
1524 2034 1651 2096 adbibita
1669 2034 1834 2103 utilitatem,
1861 2054 1948 2115 quam
1969 2045 1999 2094 et
2016 2034 2142 2095 Orellius
2161 2054 2251 2116 saepe
2269 2055 2322 2094 ex-

1434 2135 1534 2205 pertus
1553 2135 1598 2184 est
1615 2143 1761 2204 quomque
1779 2142 1858 2183 nunc
1875 2142 1931 2202 ego
1949 2142 2010 2182 non
2021 2144 2087 2183 raro
2100 2125 2249 2203 experior,
2270 2123 2322 2183 sed

1433 2224 1530 2274 tamen
1547 2222 1657 2273 tantum
1674 2211 1757 2271 abest
1774 2223 1806 2272 ut
1823 2213 1854 2271 16
1871 2211 1917 2272 his
1935 2213 2075 2272 consistet
2092 2214 2134 2271 rei
2150 2211 2320 2293 epigraphi-

1425 2290 1483 2362 Ι666
1501 2300 1646 2366 doctrina,
1678 2311 1710 2360 ut
1727 2302 1791 2360 eius
1809 2320 1846 2359 ne
1865 2302 1959 2380 primu
1977 2298 2096 2379 quidem
2114 2299 2185 2359 haec
2203 2301 2321 2360 stamina

1433 2391 1533 2452 haberi
1551 2387 1686 2449 debeant.
1715 2386 1805 2448 Index
1822 2398 1953 2448 accurate
1971 2389 2118 2448 conlectus
2139 2388 2318 2448 661116166-

1433 2478 1531 2549 datur,
1560 2488 1685 2538 attamen
1707 2478 1744 2537 ita
1769 2487 1801 2536 ut
1826 2494 1895 2535 vera
1925 2477 2107 2556 investigatio
2138 2480 2258 2537 minime
2285 2499 2319 2538 eo

1432 2571 1627 2634 contineatur,
1657 2563 1710 2625 sed
1729 2563 1797 2625 inde
1815 2566 1934 2647 incipiat
1952 2585 2143 2647 progressura
2162 2563 2200 2625 ad
2226 2569 2316 2649 ipsam

1431 2677 1529 2718 rerum
1556 2655 1799 2736 disquisitionem.
1846 2652 1933 2726 Quod
1955 2657 1981 2714 61
2006 2656 2072 2735 quis
2094 2655 2171 2714 16166
2192 2654 2315 2715 eruditos

1432 2745 1559 2828 postulat
1575 2742 1782 2805 utadmittatur
1793 2753 1915 2824 propter
1926 2742 2053 2811 indices,
2075 2743 2161 2803 talem
2172 2742 2312 2803 bominem

1431 2836 1545 2894 risisset
1564 2843 1633 2914 puto
1653 2831 1796 2911 Scaliger,
1817 2853 1832 2890 a
1852 2851 1911 2912 quo
1929 2842 2025 2892 16666
2043 2831 2099 2892 boc
2110 2830 2234 2892 indicum
2246 2834 2310 2913 epi-

1432 2922 1637 3004 grupbicorum
1663 2941 1756 3000 genus
1783 2930 1875 2980 totum
1899 2921 2100 3002 proficiscitur.
2142 2922 2181 2981 At
2203 2921 2227 2980 si
2249 2922 2310 3001 quis

1432 3010 1488 3072 hoc
1504 3012 1623 3071 nomine
1642 3021 1670 3069 et
1688 3010 1756 3069 olim
1775 3007 1920 3069 admissus
1939 3020 1984 3069 est
2007 3019 2036 3068 et
2053 3007 2148 3069 adbuc
2166 3008 2312 3089 praedica-

1432 3110 1491 3169 tur,
1511 3120 1572 3159 non
1590 3118 1694 3180 parum
1712 3118 1746 3157 ea
1763 3117 1812 3157 res
1830 3096 1898 3157 huic
1915 3108 2031 3157 nostrae
2049 3099 2103 3157 arti
2121 3098 2219 3157 officit.
2249 3097 2315 3157 Pul-

1431 3189 1521 3249 lulant
1539 3190 1616 3246 enim
1634 3188 1773 3246 continuo
1791 3196 1947 3246 sectatores
1966 3187 2029 3246 eius
2048 3184 2157 3268 stupidi
2176 3186 2314 3251 homines.

1431 3280 1482 3360 qui
1494 3296 1560 3336 cum
1571 3276 1608 3336 61)
1618 3277 1681 3336 aliis
1693 3274 1868 3357 philologiae
1881 3285 1909 3335 61
1920 3275 2057 3335 historiae
2070 3275 2201 3357 partibus
2216 3275 2313 3356 repelli

1430 3386 1463 3427 se
1481 3368 1618 3435 sentiant,
1639 3363 1696 3425 huc
1712 3363 1829 3425 tandem
1841 3362 1991 3444 appellunt
2001 3375 2031 3424 61
2041 3363 2250 3426 admissionem
2262 3364 2316 3424 116-

1430 3458 1534 3536 311661,
1556 3457 1645 3515 otium
1663 3473 1760 3534 neque
1778 3474 1844 3513 eum
1862 3451 2001 3531 dignitate
2019 3473 2115 3535 neque
2134 3473 2201 3515 cum
2214 3456 2317 3515 iucun-

1431 3544 1518 3604 ditate
1536 3541 1702 3624 perdidisse
1726 3562 1758 3601 se
1777 3540 2008 3601 demonstrantes
2028 3543 2174 3625 multaque
2193 3565 2225 3604 se
2243 3543 2318 3602 scri-

1431 3636 1536 3716 661666,
1546 3629 2318 3713 quaenonlacilenequescribatnequonisiriquadam

1431 3733 1546 3782 coactus
1565 3721 1640 3799 legat
1658 3738 1744 3779 66666
1764 3720 1869 3778 mentis
1889 3717 1986 3778 homo.
2013 3718 2084 3799 *Sed
2103 3730 2199 3780 tamen
2217 3740 2254 3779 ne
2272 3722 2317 3780 si·

1431 3830 1496 3872 mus
1524 3809 1630 3890 iniqui,
1659 3807 1747 3867 habet
1773 3808 1898 3888 aliquam
1922 3809 2136 3868 excusationem
2161 3808 2318 3888 Hagenbu-

1431 3898 1526 3969 chius,
1541 3918 1615 3979 quae
1625 3898 1716 3957 nostri
1729 3897 1869 3976 temporis
1880 3905 2077 3973 1161616116νὶ6
2089 3899 2208 3957 616166
2221 3908 2320 3979 66166-

1432 3989 1555 4056 cinatum
1570 3985 1636 4046 dico
1643 3983 1843 4046 incredibilem
1850 3987 1913 4045 eius
1921 3988 2021 4046 aetatis
2030 3985 2180 4047 hominum
2187 3986 2318 4046 11616666

1432 4078 1590 4145 levitatem,
1620 4076 1666 4135 cui
1684 4084 1745 4134 tum
1762 4084 1906 4133 nostrates
1925 4078 2099 4136 contrarium
2118 4077 2219 4135 vitium
2238 4075 2317 4156 quasi

1432 4163 1557 4245 quodam
1580 4165 1642 4222 1666
1667 4173 1878 4243 66666666661.
1923 4163 1966 4223 116
1988 4166 2143 4224 1166616616
2167 4163 2237 4244 quid
2260 4174 2318 4222 166

1432 4251 1597 4322 iudicarint,
1619 4249 1781 4311 adscribam
1799 4251 1910 4311 116161111
1928 4251 2026 4311 verbis
2040 4253 2136 4332 petitis
2150 4271 2186 4310 ex
2197 4270 2319 4323 censura

1434 4342 1621 4423 epistolarum
1639 4339 1948 4420 Hagenbuchianarum
1966 4340 2132 4414 (zuverlttss.
2147 4340 2250 4400 Nachr.
2265 4339 2317 4399 Th.

1432 4428 1524 4491 CXVI
1542 4431 1662 4509 Leipzig
1679 4439 1749 4491 1766
1768 4450 1797 4509 p.
1816 4434 1892 4500 5671
1914 4428 2002 4488 'Nacb
2016 4430 2120 4508 166366
2137 4429 2242 4489 1161166
2259 4427 2318 4488 und

1432 4516 1597 4596 Verlangen
1609 4516 1675 4577 kam
1687 4516 1802 4577 endlicb
1813 4516 1865 4577 das
1872 4517 1980 4578 Werck
1993 4517 2214 4578 166161166166
2226 4520 2317 4577 ziem-

1432 4605 1522 4665 lieher
1534 4606 1644 4666 Gro'sse
1658 4604 1779 4673 herous;
1800 4607 1848 4665 ein
1862 4606 1982 4675 Werck,
2004 4604 2056 4665 das
2076 4607 2162 4689 61666
2174 4607 2316 4685 eintzigen

1432 4696 1579 4773 1611661366
1597 4692 1678 4754 Band
1697 4693 1799 4753 wttrde
1811 4693 1948 4773 betragen
1962 4693 2069 4763 haben,
2091 4712 2179 4753 wenn
2191 4714 2275 4753 666.
2290 4740 2296 4752 .
2311 4741 2317 4752 .

1432 4782 1579 4842 66166166
1597 4781 1700 4842 Pflicbt
1717 4780 1777 4841 und
1796 4781 1848 4842 dos
1867 4782 1976 4842 Urtheil
1999 4780 2052 4842 der
2075 4781 2224 4862 gelehrten
2242 4783 2321 4843 Welt

1434 4870 1580 4930 ...1611116
1592 4871 1683 4930 seben
1698 4916 1704 4929 .
1718 4916 1724 4929 .
1738 4916 1745 4929 .
1760 4870 1887 4930 wellen.
1904 4917 1910 4929 .
1927 4917 1934 4930 .
1952 4875 1977 4929 .'.
2009 4871 2084 4929 Num
2102 4869 2319 4953 deleudiposse

1430 4958 1577 5040 ‘beynahe
1608 4958 1665 5019 den
1693 4957 1797 5018 halben
1829 4959 1969 5020 Gruterus
2000 4970 2086 5019 66166
2114 4960 2197 5018 61666
2222 4979 2318 5020 66666

1432 5047 1601 5117 Ausschrift,
1631 5045 1691 5107 und
1710 5047 1785 5106 noch
1804 5045 1877 5107 dezu
1900 5048 1957 5107 viel
1982 5047 2149 5107 schlimmer
2171 5049 2214 5108 als
2238 5069 2271 5108 er
2287 5048 2319 5127 je

1430 5156 1584 5215 gewesen,
1605 5135 1662 5196 den
1682 5134 1895 5195 Unwissenden
1914 5135 2115 5196 aulzrrbelten?
2139 5135 2316 5205 Reinesium,

1432 5225 1587 5304 8666166,
1613 5224 1777 5284 Fabretturn
1795 5223 1844 5283 bat
1861 5244 1893 5284 er
1910 5224 1984 5284 auch
2002 5224 2087 5285 nicht·
2099 5224 2249 5305 geschont.
2277 5225 2319 5284 Er

1431 5311 1480 5371 bat
1498 5315 1540 5371 sie
1559 5313 1638 5372 nicht
1655 5334 1712 5374 nur
1730 5311 1988 5391 ausgeschrieben,
2010 5311 2138 5374 sondern
2156 5312 2233 5374 noch
2246 5311 2319 5372 dazu

1429 5398 1596 5469 verderbet,
1616 5399 1678 5461 und
1696 5400 1776 5460 nicht
1794 5401 1898 5460 einmal
1916 5403 2081 5481 angezeigt,
2103 5423 2149 5462 wo
2168 5423 2201 5461 er
2219 5400 2316 5461 dieses

1431 5487 1667 5568 hergenommen.
1704 5488 1745 5547 Er
1762 5487 1911 5549 hemerckt
1927 5489 2005 5549 wohl
2026 5488 2073 5550 die
2092 5492 2228 5564 Quellen,
2249 5489 2320 5550 aber

1431 5576 1542 5647 solcbe,
1570 5575 1617 5637 die
1636 5597 1703 5637 666
1721 5576 1802 5637 nicht
1820 5577 1976 5640 aussuchen
1996 5579 2062 5639 1166.
2107 5579 2147 5639 Es
2166 5578 2232 5640 sind
2252 5589 2319 5638 ont-
